#FeatureId,DATA_DATE,DATA_SRCE,DEC_LONG,DEC_LAT,PID,NAME,STATE,COUNTY,QUAD,LATITUDE,LONGITUDE,POS_DATUM,DATUM_TAG,POS_SRCE,ELEVATION,ELEV_DATUM,ELEV_SRCE,ELLIP_HT,ELLIP_SRCE,POS_ORDER,POS_CHECK,ELEV_ORDER,ELEV_CLASS,ELEV_CHECK,DIST_RATE,ELLP_ORDER,ELLP_CLASS,FIRST_RECV,LAST_RECV,LAST_COND,LAST_RECBY,SAT_USE,SAT_DATE,STABILITY
1,20140526,http://www.ngs.noaa.gov/cgi-bin/ds_mark.prl?PidBox=FO0253,-106.63583, 35.19472,FO0253,1 ALM BR,NM,BERNALILLO,LOS GRIEGOS (1990),35 11 41.     (N),106 38 09.     (W),NAD 83,(1986),SCALED    , 1523.097,NAVD 88 ,ADJUSTED  ,,,,,1,2,Y,,,,1950    ,1984    ,MARK NOT FOUND  ,NGS,,,C
2,20140526,http://www.ngs.noaa.gov/cgi-bin/ds_mark.prl?PidBox=FO0374,-106.57694, 35.07667,FO0374,1 E 1 5288,NM,BERNALILLO,ALBUQUERQUE EAST (1990),35 04 36.     (N),106 34 37.     (W),NAD 83,(1986),SCALED    , 1612.612,NAVD 88 ,ADJUSTED  ,,,,,2,0,Y,,,,1934    ,20041219,MARK NOT FOUND  ,GEOCAC,,,D
3,20140526,http://www.ngs.noaa.gov/cgi-bin/ds_mark.prl?PidBox=FO0308,-106.78139, 35.11028,FO0308,12 1/2 RESET,NM,BERNALILLO,LA MESITA NEGRA SE (1990),35 06 37.     (N),106 46 53.     (W),NAD 83,(1986),SCALED    , 1752.674,NAVD 88 ,ADJUSTED  ,,,,,1,2,Y,,,,1951    ,1951    ,GOOD            ,CGS,,,D
4,20140526,http://www.ngs.noaa.gov/cgi-bin/ds_mark.prl?PidBox=FO0306,-106.79861, 35.13500,FO0306,14,NM,BERNALILLO,THE VOLCANOES (1990),35 08 06.     (N),106 47 55.     (W),NAD 83,(1986),SCALED    , 1771.552,NAVD 88 ,ADJUSTED  ,,,,,1,2,Y,,,,UNK     ,1951    ,GOOD            ,CGS,,,D
5,20140526,http://www.ngs.noaa.gov/cgi-bin/ds_mark.prl?PidBox=FO1161,-106.55522, 35.19871,FO1161,14 P,NM,BERNALILLO,ALAMEDA (1990),35 11 55.34806(N),106 33 18.77696(W),NAD 83,(1992),ADJUSTED  , 1651.39 ,NAVD 88 ,VERTCON   ,,,3,Y,,,,,,,1969    ,20050521,GOOD            ,GEOCAC,,,
6,20140526,http://www.ngs.noaa.gov/cgi-bin/ds_mark.prl?PidBox=FO1694,-106.87109, 35.13172,FO1694,16 CAH,NM,BERNALILLO,THE VOLCANOES (1990),35 07 54.18992(N),106 52 15.94072(W),NAD 83,(1992),ADJUSTED  , 1829.60 ,NAVD 88 ,VERTCON   ,,,3,Y,,,,,,,1952    ,1952    ,MONUMENTED      ,USGS,,,D
7,20140526,http://www.ngs.noaa.gov/cgi-bin/ds_mark.prl?PidBox=FO0302,-106.81639, 35.18833,FO0302,18,NM,BERNALILLO,THE VOLCANOES (1990),35 11 18.     (N),106 48 59.     (W),NAD 83,(1986),SCALED    , 1785.675,NAVD 88 ,ADJUSTED  ,,,,,1,2,Y,,,,UNK     ,1951    ,GOOD            ,CGS,,,D
8,20140526,http://www.ngs.noaa.gov/cgi-bin/ds_mark.prl?PidBox=FO0369,-106.55417, 35.07417,FO0369,2,NM,BERNALILLO,ALBUQUERQUE EAST (1990),35 04 27.     (N),106 33 15.     (W),NAD 83,(1986),SCALED    , 1638.531,NAVD 88 ,ADJUSTED  ,,,,,1,2,Y,,,,1934    ,20100222,MARK NOT FOUND  ,INDIV,,,C
9,20140526,http://www.ngs.noaa.gov/cgi-bin/ds_mark.prl?PidBox=EQ0670,-106.68194, 34.92861,EQ0670,2,NM,BERNALILLO,ISLETA (1991),34 55 43.     (N),106 40 55.     (W),NAD 83,(1986),SCALED    , 1493.227,NAVD 88 ,ADJUSTED  ,,,,,1,2,Y,,,,1952    ,1982    ,GOOD            ,NGS,,,B
10,20140526,http://www.ngs.noaa.gov/cgi-bin/ds_mark.prl?PidBox=FO0183,-106.37083, 35.03528,FO0183,215 A,NM,BERNALILLO,SEDILLO (1995),35 02 07.     (N),106 22 15.     (W),NAD 83,(1986),SCALED    , 2082.834,NAVD 88 ,ADJUSTED  ,,,,,2,0,Y,,,,1934    ,1935    ,GOOD            ,CGS,,,D
11,20140526,http://www.ngs.noaa.gov/cgi-bin/ds_mark.prl?PidBox=FO0182,-106.35556, 35.03306,FO0182,215 B,NM,BERNALILLO,SEDILLO (1995),35 01 59.     (N),106 21 20.     (W),NAD 83,(1986),SCALED    , 2132.805,NAVD 88 ,ADJUSTED  ,,,,,2,0,Y,,,,1934    ,1935    ,GOOD            ,CGS,,,A
12,20140526,http://www.ngs.noaa.gov/cgi-bin/ds_mark.prl?PidBox=FO0312,-106.71639, 35.08472,FO0312,24 P,NM,BERNALILLO,ALBUQUERQUE WEST (1990),35 05 05.     (N),106 42 59.     (W),NAD 83,(1986),SCALED    , 1555.657,NAVD 88 ,ADJUSTED  ,,,,,1,2,Y,,,,1934    ,20050206,MARK NOT FOUND  ,GEOCAC,,,D
13,20140526,http://www.ngs.noaa.gov/cgi-bin/ds_mark.prl?PidBox=FO0375,-106.52722, 35.07111,FO0375,3 5487,NM,BERNALILLO,ALBUQUERQUE EAST (1990),35 04 16.     (N),106 31 38.     (W),NAD 83,(1986),SCALED    , 1673.218,NAVD 88 ,ADJUSTED  ,,,,,2,0,Y,,,,1934    ,1934    ,MONUMENTED      ,CGS,,,D
14,20140526,http://www.ngs.noaa.gov/cgi-bin/ds_mark.prl?PidBox=FO0821,-106.78806, 35.06361,FO0821,3.L 5 V,NM,BERNALILLO,LA MESITA NEGRA SE (1990),35 03 49.     (N),106 47 17.     (W),NAD 83,(1986),SCALED    , 1742.373,NAVD 88 ,ADJUSTED  ,,,,,1,2,Y,,,,1972    ,20060205,GOOD            ,GEOCAC,,,C
15,20140526,http://www.ngs.noaa.gov/cgi-bin/ds_mark.prl?PidBox=EQ1092,-107.06290, 34.99905,EQ1092,36 CAH,NM,BERNALILLO,SOUTH GARCIA (1971),34 59 56.59228(N),107 03 46.43436(W),NAD 83,(1992),ADJUSTED  , 1719.66 ,NAVD 88 ,VERTCON   ,,,3,Y,,,,,,,1952    ,1952    ,MONUMENTED      ,USGS,,,D
16,20140526,http://www.ngs.noaa.gov/cgi-bin/ds_mark.prl?PidBox=FO0260,-106.59684, 35.21199,FO0260,3892 9,NM,BERNALILLO,ALAMEDA (1990),35 12 43.15521(N),106 35 48.61019(W),NAD 83,(1992),ADJUSTED  , 1526.844,NAVD 88 ,ADJUSTED  ,,,2,Y,1,2,Y,,,,1950    ,20071109,GOOD            ,INDIV,N,20050530,C
17,20140526,http://www.ngs.noaa.gov/cgi-bin/ds_mark.prl?PidBox=FO0376,-106.50917, 35.06889,FO0376,4 E 1 5560,NM,BERNALILLO,ALBUQUERQUE EAST (1990),35 04 08.     (N),106 30 33.     (W),NAD 83,(1986),SCALED    , 1695.507,NAVD 88 ,ADJUSTED  ,,,,,2,0,Y,,,,1934    ,1934    ,MONUMENTED      ,CGS,,,D
18,20140526,http://www.ngs.noaa.gov/cgi-bin/ds_mark.prl?PidBox=FO0825,-106.79611, 35.06111,FO0825,42 CAH RESET,NM,BERNALILLO,LA MESITA NEGRA SE (1990),35 03 40.     (N),106 47 46.     (W),NAD 83,(1986),SCALED    , 1745.446,NAVD 88 ,ADJUSTED  ,,,,,1,2,Y,,,,1968    ,20051121,GOOD            ,GEOCAC,Y,19911011,C
19,20140526,http://www.ngs.noaa.gov/cgi-bin/ds_mark.prl?PidBox=EQ0288,-106.72250, 34.86861,EQ0288,4869,NM,BERNALILLO,LOS LUNAS (1991),34 52 07.     (N),106 43 21.     (W),NAD 83,(1986),SCALED    , 1484.917,NAVD 88 ,POSTED    ,,,,,,,,b,,,UNK     ,1982    ,MARK NOT FOUND  ,NGS,,,D
20,20140526,http://www.ngs.noaa.gov/cgi-bin/ds_mark.prl?PidBox=EQ0289,-106.71806, 34.88222,EQ0289,4871,NM,BERNALILLO,ISLETA (1991),34 52 56.     (N),106 43 05.     (W),NAD 83,(1986),SCALED    , 1485.713,NAVD 88 ,POSTED    ,,,,,,,,b,,,UNK     ,1982    ,MARK NOT FOUND  ,NGS,,,D
21,20140526,http://www.ngs.noaa.gov/cgi-bin/ds_mark.prl?PidBox=EQ0290,-106.70861, 34.89444,EQ0290,4889,NM,BERNALILLO,ISLETA (1991),34 53 40.     (N),106 42 31.     (W),NAD 83,(1986),SCALED    , 1491.055,NAVD 88 ,ADJUSTED  ,,,,,1,2,Y,,,,UNK     ,20061128,GOOD            ,INDIV,Y,20061128,D
22,20140526,http://www.ngs.noaa.gov/cgi-bin/ds_mark.prl?PidBox=EQ0292,-106.70278, 34.90222,EQ0292,4891,NM,BERNALILLO,ISLETA (1991),34 54 08.     (N),106 42 10.     (W),NAD 83,(1986),SCALED    , 1491.595,NAVD 88 ,ADJUSTED  ,,,,,1,2,Y,,,,UNK     ,20061128,GOOD            ,INDIV,Y,20061128,D
23,20140526,http://www.ngs.noaa.gov/cgi-bin/ds_mark.prl?PidBox=EQ0296,-106.68056, 34.93000,EQ0296,4902,NM,BERNALILLO,ISLETA (1991),34 55 48.     (N),106 40 50.     (W),NAD 83,(1986),SCALED    , 1494.848,NAVD 88 ,POSTED    ,,,,,,,,b,,,UNK     ,1951    ,MARK NOT FOUND  ,CGS,,,A
24,20140526,http://www.ngs.noaa.gov/cgi-bin/ds_mark.prl?PidBox=EQ0299,-106.67278, 34.94556,EQ0299,4904,NM,BERNALILLO,ISLETA (1991),34 56 44.     (N),106 40 22.     (W),NAD 83,(1986),SCALED    , 1495.532,NAVD 88 ,ADJUSTED  ,,,,,1,2,Y,,,,UNK     ,1982    ,MARK NOT FOUND  ,NGS,,,D
25,20140526,http://www.ngs.noaa.gov/cgi-bin/ds_mark.prl?PidBox=EQ0303,-106.66611, 34.98278,EQ0303,4928,NM,BERNALILLO,ISLETA (1991),34 58 58.     (N),106 39 58.     (W),NAD 83,(1986),SCALED    , 1502.849,NAVD 88 ,ADJUSTED  ,,,,,1,2,Y,,,,UNK     ,1982    ,MARK NOT FOUND  ,NGS,,,D
26,20140526,http://www.ngs.noaa.gov/cgi-bin/ds_mark.prl?PidBox=FO0220,-106.65639, 35.03444,FO0220,4932,NM,BERNALILLO,ALBUQUERQUE WEST (1990),35 02 04.     (N),106 39 23.     (W),NAD 83,(1986),SCALED    , 1503.899,NAVD 88 ,ADJUSTED  ,,,,,1,2,Y,,,,UNK     ,20050117,MARK NOT FOUND  ,GEOCAC,,,D
27,20140526,http://www.ngs.noaa.gov/cgi-bin/ds_mark.prl?PidBox=FO0329,-106.64972, 35.08028,FO0329,4951,NM,BERNALILLO,ALBUQUERQUE WEST (1990),35 04 49.     (N),106 38 59.     (W),NAD 83,(1986),SCALED    , 1509.801,NAVD 88 ,POSTED    ,,,,,,,N,n,,,UNK     ,1989    ,MARK NOT FOUND  ,USPSQD,,,D
28,20140526,http://www.ngs.noaa.gov/cgi-bin/ds_mark.prl?PidBox=FO0225,-106.64750, 35.08389,FO0225,4954,NM,BERNALILLO,ALBUQUERQUE WEST (1990),35 05 02.     (N),106 38 51.     (W),NAD 83,(1986),SCALED    , 1510.496,NAVD 88 ,ADJUSTED  ,,,,,1,2,Y,,,,UNK     ,20030805,MARK NOT FOUND  ,USPSQD,,,D
29,20140526,http://www.ngs.noaa.gov/cgi-bin/ds_mark.prl?PidBox=FO0324,-106.68250, 35.08778,FO0324,4962 15,NM,BERNALILLO,ALBUQUERQUE WEST (1990),35 05 16.     (N),106 40 57.     (W),NAD 83,(1986),SCALED    , 1513.263,NAVD 88 ,ADJUSTED  ,,,,,1,2,Y,,,,UNK     ,20050206,MARK NOT FOUND  ,GEOCAC,,,D
30,20140526,http://www.ngs.noaa.gov/cgi-bin/ds_mark.prl?PidBox=FO0325,-106.67972, 35.09083,FO0325,4962 19,NM,BERNALILLO,ALBUQUERQUE WEST (1990),35 05 27.     (N),106 40 47.     (W),NAD 83,(1986),SCALED    , 1513.285,NAVD 88 ,ADJUSTED  ,,,,,1,2,Y,,,,UNK     ,20050206,MARK NOT FOUND  ,GEOCAC,,,D
31,20140526,http://www.ngs.noaa.gov/cgi-bin/ds_mark.prl?PidBox=FO0211,-106.48583, 35.06639,FO0211,5,NM,BERNALILLO,TIJERAS (1990),35 03 59.     (N),106 29 09.     (W),NAD 83,(1986),SCALED    , 1757.851,NAVD 88 ,ADJUSTED  ,,,,,2,0,Y,,,,1934    ,1954    ,GOOD            ,USGS,,,C
32,20140526,http://www.ngs.noaa.gov/cgi-bin/ds_mark.prl?PidBox=FO0254,-106.64556, 35.20194,FO0254,5012.53,NM,BERNALILLO,LOS GRIEGOS (1990),35 12 07.     (N),106 38 44.     (W),NAD 83,(1986),SCALED    , 1528.579,NAVD 88 ,ADJUSTED  ,,,,,1,2,Y,,,,1931    ,1984    ,MARK NOT FOUND  ,NGS,,,C
33,20140526,http://www.ngs.noaa.gov/cgi-bin/ds_mark.prl?PidBox=FO1411,-106.87043, 35.07131,FO1411,5973 66,NM,BERNALILLO,LA MESITA NEGRA SE (1990),35 04 16.71228(N),106 52 13.55819(W),NAD 83,(1992),ADJUSTED  , 1821.52 ,NAVD 88 ,VERTCON   ,,,2,Y,,,,,,,1958    ,1958    ,GOOD            ,CGS,,,D
34,20140526,http://www.ngs.noaa.gov/cgi-bin/ds_mark.prl?PidBox=FO0187,-106.38278, 35.04639,FO0187,6567,NM,BERNALILLO,TIJERAS (1990),35 02 47.     (N),106 22 58.     (W),NAD 83,(1986),SCALED    , 2002.244,NAVD 88 ,ADJUSTED  ,,,,,2,0,Y,,,,UNK     ,20061111,GOOD            ,GEOCAC,,,D
35,20140526,http://www.ngs.noaa.gov/cgi-bin/ds_mark.prl?PidBox=FO0185,-106.38139, 35.03556,FO0185,6703,NM,BERNALILLO,TIJERAS (1990),35 02 08.     (N),106 22 53.     (W),NAD 83,(1986),SCALED    , 2043.947,NAVD 88 ,ADJUSTED  ,,,,,2,0,Y,,,,UNK     ,20061111,MARK NOT FOUND  ,GEOCAC,,,B
36,20140526,http://www.ngs.noaa.gov/cgi-bin/ds_mark.prl?PidBox=FO0179,-106.33639, 35.00278,FO0179,7419.33,NM,BERNALILLO,SEDILLO (1995),35 00 10.     (N),106 20 11.     (W),NAD 83,(1986),SCALED    , 2262.475,NAVD 88 ,ADJUSTED  ,,,,,2,0,Y,,,,1933    ,1935    ,GOOD            ,CGS,,,D
37,20140526,http://www.ngs.noaa.gov/cgi-bin/ds_mark.prl?PidBox=EQ0077,-106.31861, 34.97694,EQ0077,7467.98,NM,BERNALILLO,ESCABOSA (1995),34 58 37.     (N),106 19 07.     (W),NAD 83,(1986),SCALED    , 2277.263,NAVD 88 ,ADJUSTED  ,,,,,2,0,Y,,,,1933    ,1935    ,GOOD            ,CGS,,,D
38,20140526,http://www.ngs.noaa.gov/cgi-bin/ds_mark.prl?PidBox=FO0311,-106.73806, 35.08833,FO0311,8 1/2,NM,BERNALILLO,ALBUQUERQUE WEST (1990),35 05 18.     (N),106 44 17.     (W),NAD 83,(1986),SCALED    , 1591.889,NAVD 88 ,ADJUSTED  ,,,,,1,2,Y,,,,UNK     ,20060205,MARK NOT FOUND  ,GEOCAC,,,D
39,20140526,http://www.ngs.noaa.gov/cgi-bin/ds_mark.prl?PidBox=FO0191,-106.38389, 35.07417,FO0191,A 135,NM,BERNALILLO,TIJERAS (1990),35 04 27.     (N),106 23 02.     (W),NAD 83,(1986),SCALED    , 1924.222,NAVD 88 ,ADJUSTED  ,,,,,2,0,Y,,,,1934    ,20061111,MARK NOT FOUND  ,GEOCAC,,,C
40,20140526,http://www.ngs.noaa.gov/cgi-bin/ds_mark.prl?PidBox=FO0316,-106.71361, 35.07917,FO0316,A 225,NM,BERNALILLO,ALBUQUERQUE WEST (1990),35 04 45.     (N),106 42 49.     (W),NAD 83,(1986),SCALED    , 1553.647,NAVD 88 ,ADJUSTED  ,,,,,1,2,Y,,,,1951    ,1982    ,MARK NOT FOUND  ,NGS,,,C
41,20140526,http://www.ngs.noaa.gov/cgi-bin/ds_mark.prl?PidBox=FO0257,-106.65500, 35.19694,FO0257,A 227,NM,BERNALILLO,LOS GRIEGOS (1990),35 11 49.     (N),106 39 18.     (W),NAD 83,(1986),SCALED    , 1538.364,NAVD 88 ,ADJUSTED  ,,,,,1,2,Y,,,,1951    ,1984    ,GOOD            ,NGS,,,C
42,20140526,http://www.ngs.noaa.gov/cgi-bin/ds_mark.prl?PidBox=FO0864,-106.64694, 35.08000,FO0864,A 424,NM,BERNALILLO,ALBUQUERQUE WEST (1990),35 04 48.     (N),106 38 49.     (W),NAD 83,(1986),SCALED    , 1511.987,NAVD 88 ,ADJUSTED  ,,,,,1,2,Y,,,,1982    ,19911010,GOOD            ,NGS,N,19911010,B
43,20140526,http://www.ngs.noaa.gov/cgi-bin/ds_mark.prl?PidBox=FO0834,-106.96556, 35.02750,FO0834,A 425,NM,BERNALILLO,LA MESITA NEGRA (1990),35 01 39.     (N),106 57 56.     (W),NAD 83,(1986),SCALED    , 1636.663,NAVD 88 ,ADJUSTED  ,,,,,1,2,Y,,,,1982    ,20041209,GOOD            ,NMHD,Y,20041209,B
44,20140526,http://www.ngs.noaa.gov/cgi-bin/ds_mark.prl?PidBox=FO0867,-106.64211, 35.11053,FO0867,A 438,NM,BERNALILLO,ALBUQUERQUE WEST (1990),35 06 37.9    (N),106 38 31.6    (W),NAD 83,(1986),HD_HELD2  , 1516.491,NAVD 88 ,ADJUSTED  ,,,,,1,2,Y,,,,1984    ,20110511,GOOD            ,SCINC,Y,20110511,B
45,20140526,http://www.ngs.noaa.gov/cgi-bin/ds_mark.prl?PidBox=FO0366,-106.55667, 35.07444,FO0366,A 51,NM,BERNALILLO,ALBUQUERQUE EAST (1990),35 04 28.     (N),106 33 24.     (W),NAD 83,(1986),SCALED    , 1636.774,NAVD 88 ,ADJUSTED  ,,,,,1,2,Y,,,,UNK     ,20100222,MARK NOT FOUND  ,INDIV,,,D
46,20140526,http://www.ngs.noaa.gov/cgi-bin/ds_mark.prl?PidBox=FO1241,-106.62385, 35.11837,FO1241,AAA SITE T 3,NM,BERNALILLO,ALBUQUERQUE EAST (1990),35 07 06.14453(N),106 37 25.84397(W),NAD 83,(1992),ADJUSTED  , 1548.90 ,NAVD 88 ,VERTCON   ,,,2,Y,,,,,,,1969    ,20050116,MARK NOT FOUND  ,GEOCAC,,,C
47,20140526,http://www.ngs.noaa.gov/cgi-bin/ds_mark.prl?PidBox=FO0317,-106.70083, 35.06778,FO0317,ALB 9,NM,BERNALILLO,ALBUQUERQUE WEST (1990),35 04 04.     (N),106 42 03.     (W),NAD 83,(1986),SCALED    , 1525.886,NAVD 88 ,ADJUSTED  ,,,,,1,2,Y,,,,1950    ,20050206,MARK NOT FOUND  ,GEOCAC,,,C
48,20140526,http://www.ngs.noaa.gov/cgi-bin/ds_mark.prl?PidBox=DE5457,-106.49483, 34.96129,DE5457,ALB1 A,NM,BERNALILLO,MOUNT WASHINGTON (1995),34 57 40.64985(N),106 29 41.39979(W),NAD 83,(2011),ADJUSTED  , 1737.072,NAVD 88 ,ADJUSTED  ,1716.684,ADJUSTED,,,1,2,Y,,,,2002    ,20050329,GOOD            ,NGS,Y,20050329,B
49,20140526,http://www.ngs.noaa.gov/cgi-bin/ds_mark.prl?PidBox=DE5458,-106.49398, 34.95717,DE5458,ALB1 B,NM,BERNALILLO,MOUNT WASHINGTON (1995),34 57 25.81730(N),106 29 38.31682(W),NAD 83,(2011),ADJUSTED  , 1738.948,NAVD 88 ,ADJUSTED  ,1718.562,ADJUSTED,,,1,2,N,,,,2002    ,20030627,GOOD            ,NGS,Y,20030627,B
50,20140526,http://www.ngs.noaa.gov/cgi-bin/ds_mark.prl?PidBox=FO0328,-106.64194, 35.08333,FO0328,ALBUQUERQUE,NM,BERNALILLO,ALBUQUERQUE WEST (1990),35 05 00.     (N),106 38 31.     (W),NAD 83,(1986),SCALED    , 1521.076,NAVD 88 ,ADJUSTED  ,,,,,1,2,Y,,,,UNK     ,1982    ,MARK NOT FOUND  ,NGS,,,C
51,20140526,http://www.ngs.noaa.gov/cgi-bin/ds_mark.prl?PidBox=DE6386,-106.56734, 35.17357,DE6386,ALBUQUERQUE 1 CORS ARP,NM,BERNALILLO,ALAMEDA (1990),35 10 24.85464(N),106 34 02.41357(W),NAD 83,(2011),ADJUSTED  , 1641.48 ,NAVD 88 ,GPS OBS   ,1620.623,ADJUSTED,,,,,,,,,,,,,,,
52,20140526,http://www.ngs.noaa.gov/cgi-bin/ds_mark.prl?PidBox=DE8222,-106.49445, 34.95737,DE8222,ALBUQUERQUE USCG1 CORS ARP,NM,BERNALILLO,MOUNT WASHINGTON (1995),34 57 26.54704(N),106 29 40.03779(W),NAD 83,(2011),ADJUSTED  , 1740.87 ,NAVD 88 ,GPS OBS   ,1720.483,ADJUSTED,,,,,,,,,,,,,,,
53,20140526,http://www.ngs.noaa.gov/cgi-bin/ds_mark.prl?PidBox=FO0836,-106.97613, 35.03050,FO0836,ARROW,NM,BERNALILLO,LA MESITA NEGRA (1990),35 01 49.79873(N),106 58 34.07946(W),NAD 83,(1992),ADJUSTED  , 1701.749,NAVD 88 ,ADJUSTED  ,,,2,Y,1,2,Y,,,,1958    ,1982    ,GOOD            ,NGS,,,C
54,20140526,http://www.ngs.noaa.gov/cgi-bin/ds_mark.prl?PidBox=FO0835,-106.97833, 35.02556,FO0835,ARROW AZ MK,NM,BERNALILLO,LA MESITA NEGRA (1990),35 01 32.     (N),106 58 42.     (W),NAD 83,(1986),SCALED    , 1680.335,NAVD 88 ,ADJUSTED  ,,,,,1,2,Y,,,,1958    ,19911011,GOOD            ,NGS,Y,19911011,C
55,20140526,http://www.ngs.noaa.gov/cgi-bin/ds_mark.prl?PidBox=FO0341,-106.62222, 35.05694,FO0341,B 225,NM,BERNALILLO,ALBUQUERQUE EAST (1990),35 03 25.     (N),106 37 20.     (W),NAD 83,(1986),SCALED    , 1584.513,NAVD 88 ,ADJUSTED  ,,,,,1,2,Y,,,,1951    ,1989    ,MARK NOT FOUND  ,USPSQD,,,C
56,20140526,http://www.ngs.noaa.gov/cgi-bin/ds_mark.prl?PidBox=FO0243,-106.63917, 35.11833,FO0243,B 227,NM,BERNALILLO,ALBUQUERQUE WEST (1990),35 07 06.     (N),106 38 21.     (W),NAD 83,(1986),SCALED    , 1516.317,NAVD 88 ,ADJUSTED  ,,,,,1,2,Y,,,,1951    ,20050115,MARK NOT FOUND  ,GEOCAC,,,C
57,20140526,http://www.ngs.noaa.gov/cgi-bin/ds_mark.prl?PidBox=FO0865,-106.64639, 35.08694,FO0865,B 424,NM,BERNALILLO,ALBUQUERQUE WEST (1990),35 05 13.     (N),106 38 47.     (W),NAD 83,(1986),SCALED    , 1512.838,NAVD 88 ,ADJUSTED  ,,,,,1,2,Y,,,,1982    ,20050108,GOOD            ,GEOCAC,,,A
58,20140526,http://www.ngs.noaa.gov/cgi-bin/ds_mark.prl?PidBox=FO0837,-106.99556, 35.02111,FO0837,B 425,NM,BERNALILLO,LA MESITA NEGRA (1990),35 01 16.     (N),106 59 44.     (W),NAD 83,(1986),SCALED    , 1647.502,NAVD 88 ,ADJUSTED  ,,,,,1,2,Y,,,,1982    ,1982    ,MONUMENTED      ,NGS,,,B
59,20140526,http://www.ngs.noaa.gov/cgi-bin/ds_mark.prl?PidBox=FO0868,-106.63903, 35.11853,FO0868,B 438,NM,BERNALILLO,ALBUQUERQUE WEST (1990),35 07 06.7    (N),106 38 20.5    (W),NAD 83,(1986),HD_HELD2  , 1516.569,NAVD 88 ,ADJUSTED  ,,,,,1,2,Y,,,,1984    ,20071107,GOOD            ,INDIV,N,19941012,B
60,20140526,http://www.ngs.noaa.gov/cgi-bin/ds_mark.prl?PidBox=FO0339,-106.62222, 35.08111,FO0339,B 48,NM,BERNALILLO,ALBUQUERQUE EAST (1990),35 04 52.     (N),106 37 20.     (W),NAD 83,(1986),SCALED    , 1573.923,NAVD 88 ,ADJUSTED  ,,,,,1,2,Y,,,,UNK     ,20041025,MARK NOT FOUND  ,GEOCAC,,,D
61,20140526,http://www.ngs.noaa.gov/cgi-bin/ds_mark.prl?PidBox=FO0365,-106.57667, 35.07694,FO0365,B 51,NM,BERNALILLO,ALBUQUERQUE EAST (1990),35 04 37.     (N),106 34 36.     (W),NAD 83,(1986),SCALED    , 1613.711,NAVD 88 ,ADJUSTED  ,,,,,1,2,Y,,,,UNK     ,20100222,MARK NOT FOUND  ,INDIV,,,D
62,20140526,http://www.ngs.noaa.gov/cgi-bin/ds_mark.prl?PidBox=FO0186,-106.38083, 35.04056,FO0186,BER 216,NM,BERNALILLO,TIJERAS (1990),35 02 26.     (N),106 22 51.     (W),NAD 83,(1986),SCALED    , 2025.715,NAVD 88 ,ADJUSTED  ,,,,,2,0,Y,,,,1934    ,20061111,MARK NOT FOUND  ,GEOCAC,,,D
63,20140526,http://www.ngs.noaa.gov/cgi-bin/ds_mark.prl?PidBox=FO1585,-107.02532, 35.01102,FO1585,BM 37 CAH,NM,BERNALILLO,CANONCITO SCHOOL (1971),35 00 39.68204(N),107 01 31.14885(W),NAD 83,(1992),ADJUSTED  , 1703.42 ,NAVD 88 ,VERTCON   ,,,2,Y,,,,,,,1971    ,1971    ,MONUMENTED      ,USGS,,,
64,20140526,http://www.ngs.noaa.gov/cgi-bin/ds_mark.prl?PidBox=FO0252,-106.61694, 35.18917,FO0252,C 227,NM,BERNALILLO,ALAMEDA (1990),35 11 21.     (N),106 37 01.     (W),NAD 83,(1986),SCALED    , 1525.126,NAVD 88 ,ADJUSTED  ,,,,,1,2,Y,,,,1951    ,1984    ,GOOD            ,NGS,,,C
65,20140526,http://www.ngs.noaa.gov/cgi-bin/ds_mark.prl?PidBox=FO0807,-106.64750, 35.10639,FO0807,C 424,NM,BERNALILLO,ALBUQUERQUE WEST (1990),35 06 23.     (N),106 38 51.     (W),NAD 83,(1986),SCALED    , 1514.730,NAVD 88 ,ADJUSTED  ,,,,,1,2,Y,,,,1982    ,20110511,GOOD            ,INDIV,N,20110511,A
66,20140526,http://www.ngs.noaa.gov/cgi-bin/ds_mark.prl?PidBox=FO0838,-107.00278, 35.01861,FO0838,C 425,NM,BERNALILLO,CANONCITO SCHOOL (1971),35 01 07.     (N),107 00 10.     (W),NAD 83,(1986),SCALED    , 1637.162,NAVD 88 ,ADJUSTED  ,,,,,1,2,Y,,,,1982    ,1982    ,MONUMENTED      ,NGS,,,B
67,20140526,http://www.ngs.noaa.gov/cgi-bin/ds_mark.prl?PidBox=FO0869,-106.63528, 35.12861,FO0869,C 438,NM,BERNALILLO,LOS GRIEGOS (1990),35 07 43.     (N),106 38 07.     (W),NAD 83,(1986),SCALED    , 1517.785,NAVD 88 ,ADJUSTED  ,,,,,1,2,Y,,,,1984    ,20050115,MARK NOT FOUND  ,GEOCAC,N,19941012,B
68,20140526,http://www.ngs.noaa.gov/cgi-bin/ds_mark.prl?PidBox=FO0340,-106.62194, 35.07278,FO0340,C 48,NM,BERNALILLO,ALBUQUERQUE EAST (1990),35 04 22.     (N),106 37 19.     (W),NAD 83,(1986),SCALED    , 1571.492,NAVD 88 ,ADJUSTED  ,,,,,1,2,Y,,,,UNK     ,1989    ,MARK NOT FOUND  ,USPSQD,,,D
69,20140526,http://www.ngs.noaa.gov/cgi-bin/ds_mark.prl?PidBox=FO0364,-106.59861, 35.07944,FO0364,C 51,NM,BERNALILLO,ALBUQUERQUE EAST (1990),35 04 46.     (N),106 35 55.     (W),NAD 83,(1986),SCALED    , 1592.119,NAVD 88 ,ADJUSTED  ,,,,,1,2,Y,,,,UNK     ,20040916,MARK NOT FOUND  ,GEOCAC,,,D
70,20140526,http://www.ngs.noaa.gov/cgi-bin/ds_mark.prl?PidBox=EQ0076,-106.28806, 34.96472,EQ0076,D 135,NM,BERNALILLO,ESCABOSA (1995),34 57 53.     (N),106 17 17.     (W),NAD 83,(1986),SCALED    , 2193.111,NAVD 88 ,ADJUSTED  ,,,,,2,0,Y,,,,1934    ,1935    ,GOOD            ,CGS,,,A
71,20140526,http://www.ngs.noaa.gov/cgi-bin/ds_mark.prl?PidBox=FO0372,-106.55028, 35.06167,FO0372,D 225,NM,BERNALILLO,ALBUQUERQUE EAST (1990),35 03 42.     (N),106 33 01.     (W),NAD 83,(1986),SCALED    , 1646.856,NAVD 88 ,ADJUSTED  ,,,,,1,2,Y,,,,1951    ,20100222,MARK NOT FOUND  ,INDIV,,,C
72,20140526,http://www.ngs.noaa.gov/cgi-bin/ds_mark.prl?PidBox=FO0251,-106.60750, 35.19222,FO0251,D 227,NM,BERNALILLO,ALAMEDA (1990),35 11 32.     (N),106 36 27.     (W),NAD 83,(1986),SCALED    , 1526.006,NAVD 88 ,ADJUSTED  ,,,,,1,2,Y,,,,1951    ,20050130,MARK NOT FOUND  ,GEOCAC,,,C
73,20140526,http://www.ngs.noaa.gov/cgi-bin/ds_mark.prl?PidBox=FO0839,-107.01944, 35.01278,FO0839,D 425,NM,BERNALILLO,CANONCITO SCHOOL (1971),35 00 46.     (N),107 01 10.     (W),NAD 83,(1986),SCALED    , 1671.648,NAVD 88 ,ADJUSTED  ,,,,,1,2,Y,,,,1982    ,1982    ,MONUMENTED      ,NGS,,,B
74,20140526,http://www.ngs.noaa.gov/cgi-bin/ds_mark.prl?PidBox=FO0870,-106.63194, 35.13722,FO0870,D 438,NM,BERNALILLO,LOS GRIEGOS (1990),35 08 14.     (N),106 37 55.     (W),NAD 83,(1986),SCALED    , 1517.319,NAVD 88 ,ADJUSTED  ,,,,,1,2,Y,,,,1984    ,20081201,GOOD            ,USACE,Y,20081201,B
75,20140526,http://www.ngs.noaa.gov/cgi-bin/ds_mark.prl?PidBox=EQ0075,-106.29028, 34.93583,EQ0075,E 135,NM,BERNALILLO,ESCABOSA (1995),34 56 09.     (N),106 17 25.     (W),NAD 83,(1986),SCALED    , 2277.533,NAVD 88 ,ADJUSTED  ,,,,,2,0,Y,,,,1934    ,1935    ,GOOD            ,CGS,,,A
76,20140526,http://www.ngs.noaa.gov/cgi-bin/ds_mark.prl?PidBox=FO0353,-106.60611, 35.04778,FO0353,E 225,NM,BERNALILLO,ALBUQUERQUE EAST (1990),35 02 52.     (N),106 36 22.     (W),NAD 83,(1986),SCALED    , 1621.981,NAVD 88 ,ADJUSTED  ,,,,,1,2,Y,,,,1951    ,19960109,MARK NOT FOUND  ,CHANCE,,,B
77,20140526,http://www.ngs.noaa.gov/cgi-bin/ds_mark.prl?PidBox=FO0808,-106.65833, 35.10639,FO0808,E 424,NM,BERNALILLO,ALBUQUERQUE WEST (1990),35 06 23.     (N),106 39 30.     (W),NAD 83,(1986),SCALED    , 1518.349,NAVD 88 ,ADJUSTED  ,,,,,1,2,Y,,,,1982    ,20050116,MARK NOT FOUND  ,GEOCAC,,,A
78,20140526,http://www.ngs.noaa.gov/cgi-bin/ds_mark.prl?PidBox=FO0840,-107.04083, 35.00667,FO0840,E 425,NM,BERNALILLO,CANONCITO SCHOOL (1971),35 00 24.     (N),107 02 27.     (W),NAD 83,(1986),SCALED    , 1674.026,NAVD 88 ,ADJUSTED  ,,,,,1,2,Y,,,,1982    ,20090920,GOOD            ,GEOCAC,,,B
79,20140526,http://www.ngs.noaa.gov/cgi-bin/ds_mark.prl?PidBox=FO0871,-106.61611, 35.17917,FO0871,E 438,NM,BERNALILLO,ALAMEDA (1990),35 10 45.     (N),106 36 58.     (W),NAD 83,(1986),SCALED    , 1523.784,NAVD 88 ,ADJUSTED  ,,,,,1,2,Y,,,,1984    ,20050130,GOOD            ,GEOCAC,N,20050130,B
80,20140526,http://www.ngs.noaa.gov/cgi-bin/ds_mark.prl?PidBox=FO0204,-106.33028, 35.11444,FO0204,E 53,NM,BERNALILLO,SEDILLO (1995),35 06 52.     (N),106 19 49.     (W),NAD 83,(1986),SCALED    , 2025.390,NAVD 88 ,ADJUSTED  ,,,,,2,0,Y,,,,1934    ,20050328,GOOD            ,NMHD,Y,20050328,C
81,20140526,http://www.ngs.noaa.gov/cgi-bin/ds_mark.prl?PidBox=FO0823,-106.78247, 35.06636,FO0823,EDGE,NM,BERNALILLO,LA MESITA NEGRA SE (1990),35 03 58.89170(N),106 46 56.89439(W),NAD 83,(1992),ADJUSTED  , 1742.892,NAVD 88 ,ADJUSTED  ,,,3,Y,1,2,Y,,,,1958    ,1982    ,GOOD            ,NGS,,,C
82,20140526,http://www.ngs.noaa.gov/cgi-bin/ds_mark.prl?PidBox=FO0822,-106.78444, 35.06278,FO0822,EDGE AZ MK,NM,BERNALILLO,LA MESITA NEGRA SE (1990),35 03 46.     (N),106 47 04.     (W),NAD 83,(1986),SCALED    , 1741.629,NAVD 88 ,ADJUSTED  ,,,,,1,2,Y,,,,1958    ,20050206,GOOD            ,GEOCAC,,,C
83,20140526,http://www.ngs.noaa.gov/cgi-bin/ds_mark.prl?PidBox=FO0824,-106.78236, 35.06627,FO0824,EDGE RM 3,NM,BERNALILLO,LA MESITA NEGRA SE (1990),35 03 58.58493(N),106 46 56.50344(W),NAD 83,(1992),ADJUSTED  , 1742.856,NAVD 88 ,ADJUSTED  ,,,1,Y,1,2,Y,,,,1969    ,20060205,GOOD            ,GEOCAC,,,C
84,20140526,http://www.ngs.noaa.gov/cgi-bin/ds_mark.prl?PidBox=EQ0074,-106.27917, 34.91333,EQ0074,F 135,NM,BERNALILLO,ESCABOSA (1995),34 54 48.     (N),106 16 45.     (W),NAD 83,(1986),SCALED    , 2241.354,NAVD 88 ,ADJUSTED  ,,,,,2,0,Y,,,,1934    ,1935    ,GOOD            ,CGS,,,A
85,20140526,http://www.ngs.noaa.gov/cgi-bin/ds_mark.prl?PidBox=FO0310,-106.74806, 35.09500,FO0310,F 225,NM,BERNALILLO,ALBUQUERQUE WEST (1990),35 05 42.     (N),106 44 53.     (W),NAD 83,(1986),SCALED    , 1622.484,NAVD 88 ,ADJUSTED  ,,,,,1,2,Y,,,,1951    ,1951    ,MONUMENTED      ,CGS,,,C
86,20140526,http://www.ngs.noaa.gov/cgi-bin/ds_mark.prl?PidBox=FO0809,-106.67083, 35.10528,FO0809,F 424,NM,BERNALILLO,ALBUQUERQUE WEST (1990),35 06 19.     (N),106 40 15.     (W),NAD 83,(1986),SCALED    , 1517.040,NAVD 88 ,ADJUSTED  ,,,,,1,2,Y,,,,1982    ,20051105,MARK NOT FOUND  ,GEOCAC,,,A
87,20140526,http://www.ngs.noaa.gov/cgi-bin/ds_mark.prl?PidBox=FO0841,-107.05917, 35.00083,FO0841,F 425,NM,BERNALILLO,CANONCITO SCHOOL (1971),35 00 03.     (N),107 03 33.     (W),NAD 83,(1986),SCALED    , 1711.168,NAVD 88 ,ADJUSTED  ,,,,,1,2,Y,,,,1982    ,1982    ,MONUMENTED      ,NGS,,,B
88,20140526,http://www.ngs.noaa.gov/cgi-bin/ds_mark.prl?PidBox=AA3133,-106.60917, 35.17444,AA3133,F 442,NM,BERNALILLO,ALAMEDA (1990),35 10 28.     (N),106 36 33.     (W),NAD 83,(1986),SCALED    , 1542.538,NAVD 88 ,ADJUSTED  ,,,,,1,2,Y,,,,1994    ,20050130,GOOD            ,GEOCAC,Y,19990209,B
89,20140526,http://www.ngs.noaa.gov/cgi-bin/ds_mark.prl?PidBox=FO0209,-106.43750, 35.06583,FO0209,F 53,NM,BERNALILLO,TIJERAS (1990),35 03 57.     (N),106 26 15.     (W),NAD 83,(1986),SCALED    , 1826.364,NAVD 88 ,ADJUSTED  ,,,,,2,0,Y,,,,1934    ,1954    ,MARK NOT FOUND  ,USGS,,,C
90,20140526,http://www.ngs.noaa.gov/cgi-bin/ds_mark.prl?PidBox=FO1238,-106.55990, 35.05812,FO1238,G 1,NM,BERNALILLO,ALBUQUERQUE EAST (1990),35 03 29.22718(N),106 33 35.63821(W),NAD 83,(1992),ADJUSTED  , 1637.52 ,NAVD 88 ,VERTCON   ,,,2,Y,,,,,,,1969    ,1969    ,MONUMENTED      ,NMHD,,,C
91,20140526,http://www.ngs.noaa.gov/cgi-bin/ds_mark.prl?PidBox=FO1326,-106.64384, 35.06102,FO1326,G 10,NM,BERNALILLO,ALBUQUERQUE WEST (1990),35 03 39.65757(N),106 38 37.81163(W),NAD 83,(1992),ADJUSTED  , 1518.19 ,NAVD 88 ,VERTCON   ,,,2,Y,,,,,,,1969    ,20071110,GOOD            ,INDIV,Y,20071110,C
92,20140526,http://www.ngs.noaa.gov/cgi-bin/ds_mark.prl?PidBox=EQ0073,-106.26306, 34.90111,EQ0073,G 135,NM,BERNALILLO,ESCABOSA (1995),34 54 04.     (N),106 15 47.     (W),NAD 83,(1986),SCALED    , 2170.317,NAVD 88 ,ADJUSTED  ,,,,,2,0,Y,,,,1934    ,1935    ,GOOD            ,CGS,,,C
93,20140526,http://www.ngs.noaa.gov/cgi-bin/ds_mark.prl?PidBox=FO1197,-106.56902, 35.05821,FO1197,G 2,NM,BERNALILLO,ALBUQUERQUE EAST (1990),35 03 29.55184(N),106 34 08.48645(W),NAD 83,(1992),ADJUSTED  , 1626.86 ,NAVD 88 ,VERTCON   ,,,2,Y,,,,,,,1969    ,20041219,GOOD            ,GEOCAC,N,20041219,C
94,20140526,http://www.ngs.noaa.gov/cgi-bin/ds_mark.prl?PidBox=FO0309,-106.76278, 35.10417,FO0309,G 225,NM,BERNALILLO,LA MESITA NEGRA SE (1990),35 06 15.     (N),106 45 46.     (W),NAD 83,(1986),SCALED    , 1679.452,NAVD 88 ,ADJUSTED  ,,,,,1,2,Y,,,,1951    ,1951    ,MONUMENTED      ,CGS,,,C
95,20140526,http://www.ngs.noaa.gov/cgi-bin/ds_mark.prl?PidBox=FO1218,-106.57781, 35.05830,FO1218,G 3,NM,BERNALILLO,ALBUQUERQUE EAST (1990),35 03 29.89086(N),106 34 40.11485(W),NAD 83,(1992),ADJUSTED  , 1618.55 ,NAVD 88 ,VERTCON   ,,,2,Y,,,,,,,1969    ,20041219,MARK NOT FOUND  ,GEOCAC,,,C
96,20140526,http://www.ngs.noaa.gov/cgi-bin/ds_mark.prl?PidBox=FO0810,-106.67167, 35.09278,FO0810,G 424,NM,BERNALILLO,ALBUQUERQUE WEST (1990),35 05 34.     (N),106 40 18.     (W),NAD 83,(1986),SCALED    , 1509.528,NAVD 88 ,ADJUSTED  ,,,,,1,2,Y,,,,1982    ,1982    ,MONUMENTED      ,NGS,,,B
97,20140526,http://www.ngs.noaa.gov/cgi-bin/ds_mark.prl?PidBox=EQ0633,-107.07889, 34.99417,EQ0633,G 425,NM,BERNALILLO,SOUTH GARCIA (1971),34 59 39.     (N),107 04 44.     (W),NAD 83,(1986),SCALED    , 1729.168,NAVD 88 ,ADJUSTED  ,,,,,1,2,Y,,,,1982    ,1982    ,MONUMENTED      ,NGS,,,B
98,20140526,http://www.ngs.noaa.gov/cgi-bin/ds_mark.prl?PidBox=FO0872,-106.59833, 35.20861,FO0872,G 438,NM,BERNALILLO,ALAMEDA (1990),35 12 31.     (N),106 35 54.     (W),NAD 83,(1986),SCALED    , 1536.209,NAVD 88 ,ADJUSTED  ,,,,,1,2,Y,,,,1984    ,20050113,MARK NOT FOUND  ,GEOCAC,,,A
99,20140526,http://www.ngs.noaa.gov/cgi-bin/ds_mark.prl?PidBox=AA3132,-106.59639, 35.17472,AA3132,G 442,NM,BERNALILLO,ALAMEDA (1990),35 10 29.     (N),106 35 47.     (W),NAD 83,(1986),SCALED    , 1558.400,NAVD 88 ,ADJUSTED  ,,,,,1,2,Y,,,,1994    ,20050130,GOOD            ,GEOCAC,N,19990209,B
100,20140526,http://www.ngs.noaa.gov/cgi-bin/ds_mark.prl?PidBox=FO1223,-106.59062, 35.05820,FO1223,G 5,NM,BERNALILLO,ALBUQUERQUE EAST (1990),35 03 29.50383(N),106 35 26.24610(W),NAD 83,(1992),ADJUSTED  , 1628.33 ,NAVD 88 ,VERTCON   ,,,2,Y,,,,,,,1969    ,20041221,MARK NOT FOUND  ,GEOCAC,,,C
101,20140526,http://www.ngs.noaa.gov/cgi-bin/ds_mark.prl?PidBox=FO0363,-106.61306, 35.08111,FO0363,G 53,NM,BERNALILLO,ALBUQUERQUE EAST (1990),35 04 52.     (N),106 36 47.     (W),NAD 83,(1986),SCALED    , 1583.064,NAVD 88 ,ADJUSTED  ,,,,,1,2,Y,,,,1934    ,20041025,MARK NOT FOUND  ,GEOCAC,,,C
102,20140526,http://www.ngs.noaa.gov/cgi-bin/ds_mark.prl?PidBox=FO1209,-106.60457, 35.05826,FO1209,G 6,NM,BERNALILLO,ALBUQUERQUE EAST (1990),35 03 29.71915(N),106 36 16.45651(W),NAD 83,(1992),ADJUSTED  , 1622.86 ,NAVD 88 ,VERTCON   ,,,2,Y,,,,,,,1969    ,20041221,MARK NOT FOUND  ,GEOCAC,,,C
103,20140526,http://www.ngs.noaa.gov/cgi-bin/ds_mark.prl?PidBox=FO1230,-106.61044, 35.05847,FO1230,G 7,NM,BERNALILLO,ALBUQUERQUE EAST (1990),35 03 30.50499(N),106 36 37.59940(W),NAD 83,(1992),ADJUSTED  , 1621.57 ,NAVD 88 ,VERTCON   ,,,2,Y,,,,,,,1969    ,20041221,MARK NOT FOUND  ,GEOCAC,,,C
104,20140526,http://www.ngs.noaa.gov/cgi-bin/ds_mark.prl?PidBox=FO1256,-106.61385, 35.05849,FO1256,G 8,NM,BERNALILLO,ALBUQUERQUE EAST (1990),35 03 30.55867(N),106 36 49.85641(W),NAD 83,(1992),ADJUSTED  , 1614.57 ,NAVD 88 ,VERTCON   ,,,2,Y,,,,,,,1969    ,20041221,MARK NOT FOUND  ,GEOCAC,,,C
105,20140526,http://www.ngs.noaa.gov/cgi-bin/ds_mark.prl?PidBox=FO1248,-106.62180, 35.05843,FO1248,G 9,NM,BERNALILLO,ALBUQUERQUE EAST (1990),35 03 30.35625(N),106 37 18.48229(W),NAD 83,(1992),ADJUSTED  , 1583.32 ,NAVD 88 ,VERTCON   ,,,2,Y,,,,,,,1969    ,20041219,MARK NOT FOUND  ,GEOCAC,,,C
106,20140526,http://www.ngs.noaa.gov/cgi-bin/ds_mark.prl?PidBox=FO1692,-106.62722, 35.05861,FO1692,G 9 A,NM,BERNALILLO,ALBUQUERQUE WEST (1990),35 03 31.     (N),106 37 38.     (W),NAD 83,(1986),SCALED    , 1568.430,NAVD 88 ,ADJUSTED  ,,,,,1,2,Y,,,,1984    ,20041219,MARK NOT FOUND  ,GEOCAC,Y,19911002,D
107,20140526,http://www.ngs.noaa.gov/cgi-bin/ds_mark.prl?PidBox=FO0336,-106.62335, 35.09205,FO0336,GOLF,NM,BERNALILLO,ALBUQUERQUE EAST (1990),35 05 31.36269(N),106 37 24.04644(W),NAD 83,(1992),ADJUSTED  , 1568.099,NAVD 88 ,ADJUSTED  ,,,1,Y,1,2,Y,,,,1946    ,20040916,MARK NOT FOUND  ,GEOCAC,,,C
108,20140526,http://www.ngs.noaa.gov/cgi-bin/ds_mark.prl?PidBox=FO0337,-106.62326, 35.09211,FO0337,GOLF RM 1,NM,BERNALILLO,ALBUQUERQUE EAST (1990),35 05 31.61   (N),106 37 23.75   (W),NAD 83,(1986),HD_HELD1  , 1569.667,NAVD 88 ,ADJUSTED  ,,,,,1,2,Y,,,,1946    ,20040916,MARK NOT FOUND  ,GEOCAC,,,C
109,20140526,http://www.ngs.noaa.gov/cgi-bin/ds_mark.prl?PidBox=FO0338,-106.62346, 35.09210,FO0338,GOLF RM 2,NM,BERNALILLO,ALBUQUERQUE EAST (1990),35 05 31.57   (N),106 37 24.46   (W),NAD 83,(1986),HD_HELD1  , 1567.717,NAVD 88 ,ADJUSTED  ,,,,,1,2,Y,,,,1946    ,20040916,MARK NOT FOUND  ,GEOCAC,,,C
110,20140526,http://www.ngs.noaa.gov/cgi-bin/ds_mark.prl?PidBox=FO0370,-106.55028, 35.06500,FO0370,H 1 H 2,NM,BERNALILLO,ALBUQUERQUE EAST (1990),35 03 54.     (N),106 33 01.     (W),NAD 83,(1986),SCALED    , 1647.099,NAVD 88 ,ADJUSTED  ,,,,,1,2,Y,,,,UNK     ,20100222,MARK NOT FOUND  ,INDIV,,,C
111,20140526,http://www.ngs.noaa.gov/cgi-bin/ds_mark.prl?PidBox=EQ0072,-106.23667, 34.89694,EQ0072,H 135,NM,BERNALILLO,CHILILI (1991),34 53 49.     (N),106 14 12.     (W),NAD 83,(1986),SCALED    , 2096.623,NAVD 88 ,ADJUSTED  ,,,,,2,0,Y,,,,1935    ,1954    ,MARK NOT FOUND  ,USGS,,,A
112,20140526,http://www.ngs.noaa.gov/cgi-bin/ds_mark.prl?PidBox=FO0371,-106.55028, 35.06194,FO0371,H 2 H 3,NM,BERNALILLO,ALBUQUERQUE EAST (1990),35 03 43.     (N),106 33 01.     (W),NAD 83,(1986),SCALED    , 1646.610,NAVD 88 ,ADJUSTED  ,,,,,1,2,Y,,,,UNK     ,20100222,MARK NOT FOUND  ,INDIV,,,C
113,20140526,http://www.ngs.noaa.gov/cgi-bin/ds_mark.prl?PidBox=FO0307,-106.79361, 35.12333,FO0307,H 225,NM,BERNALILLO,LA MESITA NEGRA SE (1990),35 07 24.     (N),106 47 37.     (W),NAD 83,(1986),SCALED    , 1769.436,NAVD 88 ,ADJUSTED  ,,,,,1,2,Y,,,,1951    ,20120405,GOOD            ,INDIV,Y,20120405,C
114,20140526,http://www.ngs.noaa.gov/cgi-bin/ds_mark.prl?PidBox=FO0373,-106.55028, 35.05917,FO0373,H 3 H 4,NM,BERNALILLO,ALBUQUERQUE EAST (1990),35 03 33.     (N),106 33 01.     (W),NAD 83,(1986),SCALED    , 1647.031,NAVD 88 ,ADJUSTED  ,,,,,1,2,Y,,,,UNK     ,20100222,MARK NOT FOUND  ,INDIV,,,D
115,20140526,http://www.ngs.noaa.gov/cgi-bin/ds_mark.prl?PidBox=FO0811,-106.68389, 35.10556,FO0811,H 424,NM,BERNALILLO,ALBUQUERQUE WEST (1990),35 06 20.     (N),106 41 02.     (W),NAD 83,(1986),SCALED    , 1517.741,NAVD 88 ,ADJUSTED  ,,,,,1,2,Y,,,,1982    ,20051211,MARK NOT FOUND  ,GEOCAC,,,B
116,20140526,http://www.ngs.noaa.gov/cgi-bin/ds_mark.prl?PidBox=FO0354,-106.58816, 35.05334,FO0354,HANGAR,NM,BERNALILLO,ALBUQUERQUE EAST (1990),35 03 12.02142(N),106 35 17.38451(W),NAD 83,(1992),ADJUSTED  , 1628.681,NAVD 88 ,ADJUSTED  ,,,1,Y,1,2,Y,,,,1948    ,20030520,GOOD            ,JCLS,Y,20030520,C
117,20140526,http://www.ngs.noaa.gov/cgi-bin/ds_mark.prl?PidBox=FO0355,-106.58817, 35.05309,FO0355,HANGAR RM 2,NM,BERNALILLO,ALBUQUERQUE EAST (1990),35 03 11.14   (N),106 35 17.42   (W),NAD 83,(1986),HD_HELD1  , 1628.175,NAVD 88 ,ADJUSTED  ,,,,,1,2,Y,,,,1948    ,20061121,MARK NOT FOUND  ,GEOCAC,,,C
118,20140526,http://www.ngs.noaa.gov/cgi-bin/ds_mark.prl?PidBox=FO1151,-106.57708, 35.20426,FO1151,I25 10,NM,BERNALILLO,ALAMEDA (1990),35 12 15.35202(N),106 34 37.49182(W),NAD 83,(1992),ADJUSTED  , 1587.01 ,NAVD 88 ,VERTCON   ,,,2,Y,,,,,,,1969    ,20050130,GOOD            ,GEOCAC,Y,20050130,C
119,20140526,http://www.ngs.noaa.gov/cgi-bin/ds_mark.prl?PidBox=FO1119,-106.57864, 35.19468,FO1119,I25 11,NM,BERNALILLO,ALAMEDA (1990),35 11 40.85332(N),106 34 43.09714(W),NAD 83,(1992),ADJUSTED  , 1587.93 ,NAVD 88 ,VERTCON   ,,,2,Y,,,,,,,1969    ,20071109,GOOD            ,INDIV,,,C
120,20140526,http://www.ngs.noaa.gov/cgi-bin/ds_mark.prl?PidBox=FO1173,-106.58278, 35.18147,FO1173,I25 12,NM,BERNALILLO,ALAMEDA (1990),35 10 53.28588(N),106 34 57.99437(W),NAD 83,(1992),ADJUSTED  , 1583.82 ,NAVD 88 ,VERTCON   ,,,2,Y,,,,,,,1969    ,20050130,MARK NOT FOUND  ,GEOCAC,,,C
121,20140526,http://www.ngs.noaa.gov/cgi-bin/ds_mark.prl?PidBox=FO1179,-106.58343, 35.17435,FO1179,I25 13,NM,BERNALILLO,ALAMEDA (1990),35 10 27.66077(N),106 35 00.35554(W),NAD 83,(1992),ADJUSTED  , 1587.58 ,NAVD 88 ,VERTCON   ,,,2,Y,,,,,,,1969    ,20050130,MARK NOT FOUND  ,GEOCAC,,,C
122,20140526,http://www.ngs.noaa.gov/cgi-bin/ds_mark.prl?PidBox=FO1135,-106.58573, 35.16338,FO1135,I25 14,NM,BERNALILLO,ALAMEDA (1990),35 09 48.16310(N),106 35 08.64230(W),NAD 83,(1992),ADJUSTED  , 1584.91 ,NAVD 88 ,VERTCON   ,,,2,Y,,,,,,,1969    ,20081121,GOOD            ,USACE,Y,20081121,C
123,20140526,http://www.ngs.noaa.gov/cgi-bin/ds_mark.prl?PidBox=FO1167,-106.58742, 35.15990,FO1167,I25 15,NM,BERNALILLO,ALAMEDA (1990),35 09 35.64524(N),106 35 14.69554(W),NAD 83,(1992),ADJUSTED  , 1583.94 ,NAVD 88 ,VERTCON   ,,,2,Y,,,,,,,1969    ,20050130,MARK NOT FOUND  ,GEOCAC,,,C
124,20140526,http://www.ngs.noaa.gov/cgi-bin/ds_mark.prl?PidBox=FO1133,-106.58858, 35.15350,FO1133,I25 16,NM,BERNALILLO,ALAMEDA (1990),35 09 12.58409(N),106 35 18.89965(W),NAD 83,(1992),ADJUSTED  , 1584.50 ,NAVD 88 ,VERTCON   ,,,2,Y,,,,,,,1969    ,1969    ,MONUMENTED      ,NMHD,,,C
125,20140526,http://www.ngs.noaa.gov/cgi-bin/ds_mark.prl?PidBox=FO1184,-106.59217, 35.14438,FO1184,I25 17,NM,BERNALILLO,ALAMEDA (1990),35 08 39.77288(N),106 35 31.81381(W),NAD 83,(1992),ADJUSTED  , 1577.69 ,NAVD 88 ,VERTCON   ,,,2,Y,,,,,,,1969    ,20081121,MARK NOT FOUND  ,USACE,Y,20041025,C
126,20140526,http://www.ngs.noaa.gov/cgi-bin/ds_mark.prl?PidBox=FO1165,-106.60035, 35.13790,FO1165,I25 18,NM,BERNALILLO,ALAMEDA (1990),35 08 16.44842(N),106 36 01.26853(W),NAD 83,(1992),ADJUSTED  , 1563.14 ,NAVD 88 ,VERTCON   ,,,2,Y,,,,,,,1969    ,20081121,GOOD            ,USACE,Y,20081121,C
127,20140526,http://www.ngs.noaa.gov/cgi-bin/ds_mark.prl?PidBox=FO1115,-106.61711, 35.12879,FO1115,I25 20,NM,BERNALILLO,ALAMEDA (1990),35 07 43.64008(N),106 37 01.60065(W),NAD 83,(1992),ADJUSTED  , 1549.04 ,NAVD 88 ,VERTCON   ,,,2,Y,,,,,,,1969    ,20071108,GOOD            ,INDIV,,,C
128,20140526,http://www.ngs.noaa.gov/cgi-bin/ds_mark.prl?PidBox=FO1245,-106.62239, 35.12248,FO1245,I25 21,NM,BERNALILLO,ALBUQUERQUE EAST (1990),35 07 20.93077(N),106 37 20.59588(W),NAD 83,(1992),ADJUSTED  , 1549.05 ,NAVD 88 ,VERTCON   ,,,2,Y,,,,,,,1969    ,20050116,MARK NOT FOUND  ,GEOCAC,,,C
129,20140526,http://www.ngs.noaa.gov/cgi-bin/ds_mark.prl?PidBox=FO1239,-106.62533, 35.11492,FO1239,I25 22,NM,BERNALILLO,ALBUQUERQUE EAST (1990),35 06 53.72434(N),106 37 31.18570(W),NAD 83,(1992),ADJUSTED  , 1545.73 ,NAVD 88 ,VERTCON   ,,,2,Y,,,,,,,1969    ,20050116,MARK NOT FOUND  ,GEOCAC,,,C
130,20140526,http://www.ngs.noaa.gov/cgi-bin/ds_mark.prl?PidBox=FO1287,-106.62811, 35.10889,FO1287,I25 23,NM,BERNALILLO,ALBUQUERQUE WEST (1990),35 06 32.00335(N),106 37 41.19754(W),NAD 83,(1992),ADJUSTED  , 1539.87 ,NAVD 88 ,VERTCON   ,,,2,Y,,,,,,,1969    ,20050116,MARK NOT FOUND  ,GEOCAC,,,C
131,20140526,http://www.ngs.noaa.gov/cgi-bin/ds_mark.prl?PidBox=FO1292,-106.63174, 35.09777,FO1292,I25 24,NM,BERNALILLO,ALBUQUERQUE WEST (1990),35 05 51.96246(N),106 37 54.27524(W),NAD 83,(1992),ADJUSTED  , 1546.18 ,NAVD 88 ,VERTCON   ,,,2,Y,,,,,,,1969    ,20050206,MARK NOT FOUND  ,GEOCAC,,,C
132,20140526,http://www.ngs.noaa.gov/cgi-bin/ds_mark.prl?PidBox=FO1296,-106.63411, 35.09181,FO1296,I25 25,NM,BERNALILLO,ALBUQUERQUE WEST (1990),35 05 30.51588(N),106 38 02.79021(W),NAD 83,(1992),ADJUSTED  , 1545.60 ,NAVD 88 ,VERTCON   ,,,2,Y,,,,,,,1969    ,20050206,MARK NOT FOUND  ,GEOCAC,,,C
133,20140526,http://www.ngs.noaa.gov/cgi-bin/ds_mark.prl?PidBox=FO1298,-106.63630, 35.08555,FO1298,I25 26,NM,BERNALILLO,ALBUQUERQUE WEST (1990),35 05 07.97824(N),106 38 10.68894(W),NAD 83,(1992),ADJUSTED  , 1545.80 ,NAVD 88 ,VERTCON   ,,,2,Y,,,,,,,1969    ,20050206,MARK NOT FOUND  ,GEOCAC,,,C
134,20140526,http://www.ngs.noaa.gov/cgi-bin/ds_mark.prl?PidBox=FO1302,-106.63708, 35.07937,FO1302,I25 27,NM,BERNALILLO,ALBUQUERQUE WEST (1990),35 04 45.73582(N),106 38 13.49687(W),NAD 83,(1992),ADJUSTED  , 1545.38 ,NAVD 88 ,VERTCON   ,,,2,Y,,,,,,,1969    ,20050206,GOOD            ,GEOCAC,,,C
135,20140526,http://www.ngs.noaa.gov/cgi-bin/ds_mark.prl?PidBox=FO1321,-106.64028, 35.07395,FO1321,I25 28,NM,BERNALILLO,ALBUQUERQUE WEST (1990),35 04 26.22985(N),106 38 24.99360(W),NAD 83,(1992),ADJUSTED  , 1530.91 ,NAVD 88 ,VERTCON   ,,,2,Y,,,,,,,1969    ,20050521,GOOD            ,GEOCAC,Y,20050521,C
136,20140526,http://www.ngs.noaa.gov/cgi-bin/ds_mark.prl?PidBox=FO1314,-106.63932, 35.06950,FO1314,I25 29,NM,BERNALILLO,ALBUQUERQUE WEST (1990),35 04 10.21414(N),106 38 21.54117(W),NAD 83,(1992),ADJUSTED  , 1534.40 ,NAVD 88 ,VERTCON   ,,,2,Y,,,,,,,1969    ,20050521,GOOD            ,GEOCAC,N,20050521,C
137,20140526,http://www.ngs.noaa.gov/cgi-bin/ds_mark.prl?PidBox=FO1308,-106.63848, 35.05994,FO1308,I25 30,NM,BERNALILLO,ALBUQUERQUE WEST (1990),35 03 35.79164(N),106 38 18.53755(W),NAD 83,(1992),ADJUSTED  , 1536.592,NAVD 88 ,ADJUSTED  ,,,2,Y,1,2,Y,,,,1969    ,20041221,GOOD            ,GEOCAC,N,20041221,C
138,20140526,http://www.ngs.noaa.gov/cgi-bin/ds_mark.prl?PidBox=FO1306,-106.63770, 35.04068,FO1306,I25 31,NM,BERNALILLO,ALBUQUERQUE WEST (1990),35 02 26.45388(N),106 38 15.70870(W),NAD 83,(1992),ADJUSTED  , 1542.96 ,NAVD 88 ,VERTCON   ,,,2,Y,,,,,,,1969    ,20041221,MARK NOT FOUND  ,GEOCAC,,,C
139,20140526,http://www.ngs.noaa.gov/cgi-bin/ds_mark.prl?PidBox=FO1310,-106.63816, 35.02321,FO1310,I25 32,NM,BERNALILLO,ALBUQUERQUE WEST (1990),35 01 23.55179(N),106 38 17.37664(W),NAD 83,(1992),ADJUSTED  , 1570.03 ,NAVD 88 ,VERTCON   ,,,2,Y,,,,,,,1969    ,20041222,MARK NOT FOUND  ,GEOCAC,,,C
140,20140526,http://www.ngs.noaa.gov/cgi-bin/ds_mark.prl?PidBox=FO1125,-106.57554, 35.21278,FO1125,I25 9,NM,BERNALILLO,ALAMEDA (1990),35 12 45.99430(N),106 34 31.93503(W),NAD 83,(1992),ADJUSTED  , 1582.66 ,NAVD 88 ,VERTCON   ,,,2,Y,,,,,,,1969    ,20050225,GOOD            ,GEOCAC,,,C
141,20140526,http://www.ngs.noaa.gov/cgi-bin/ds_mark.prl?PidBox=FO0993,-106.49358, 35.06808,FO0993,I40 1,NM,BERNALILLO,TIJERAS (1990),35 04 05.07233(N),106 29 36.88380(W),NAD 83,(1992),ADJUSTED  , 1744.61 ,NAVD 88 ,VERTCON   ,,,2,Y,,,,,,,1969    ,20061111,MARK NOT FOUND  ,GEOCAC,,,C
142,20140526,http://www.ngs.noaa.gov/cgi-bin/ds_mark.prl?PidBox=FO1191,-106.59534, 35.10366,FO1191,I40 10,NM,BERNALILLO,ALBUQUERQUE EAST (1990),35 06 13.17834(N),106 35 43.21329(W),NAD 83,(1992),ADJUSTED  , 1584.17 ,NAVD 88 ,VERTCON   ,,,2,Y,,,,,,,1969    ,20040922,GOOD            ,GEOCAC,N,20040922,C
143,20140526,http://www.ngs.noaa.gov/cgi-bin/ds_mark.prl?PidBox=FO1213,-106.60421, 35.10572,FO1213,I40 11,NM,BERNALILLO,ALBUQUERQUE EAST (1990),35 06 20.60640(N),106 36 15.15055(W),NAD 83,(1992),ADJUSTED  , 1566.33 ,NAVD 88 ,VERTCON   ,,,2,Y,,,,,,,1969    ,20040916,MARK NOT FOUND  ,GEOCAC,,,C
144,20140526,http://www.ngs.noaa.gov/cgi-bin/ds_mark.prl?PidBox=FO1257,-106.61245, 35.10921,FO1257,I40 12,NM,BERNALILLO,ALBUQUERQUE EAST (1990),35 06 33.15784(N),106 36 44.81775(W),NAD 83,(1992),ADJUSTED  , 1560.01 ,NAVD 88 ,VERTCON   ,,,2,Y,,,,,,,1969    ,20071107,GOOD            ,INDIV,N,20040922,C
145,20140526,http://www.ngs.noaa.gov/cgi-bin/ds_mark.prl?PidBox=FO1289,-106.63063, 35.10397,FO1289,I40 13,NM,BERNALILLO,ALBUQUERQUE WEST (1990),35 06 14.28668(N),106 37 50.25034(W),NAD 83,(1992),ADJUSTED  , 1551.17 ,NAVD 88 ,VERTCON   ,,,2,Y,,,,,,,1969    ,1969    ,MONUMENTED      ,NMHD,,,C
146,20140526,http://www.ngs.noaa.gov/cgi-bin/ds_mark.prl?PidBox=FO1339,-106.65055, 35.10679,FO1339,I40 14,NM,BERNALILLO,ALBUQUERQUE WEST (1990),35 06 24.43081(N),106 39 01.99511(W),NAD 83,(1992),ADJUSTED  , 1519.45 ,NAVD 88 ,VERTCON   ,,,2,Y,,,,,,,1969    ,20050116,MARK NOT FOUND  ,GEOCAC,,,C
147,20140526,http://www.ngs.noaa.gov/cgi-bin/ds_mark.prl?PidBox=FO1335,-106.65780, 35.10613,FO1335,I40 15,NM,BERNALILLO,ALBUQUERQUE WEST (1990),35 06 22.05070(N),106 39 28.07158(W),NAD 83,(1992),ADJUSTED  , 1521.02 ,NAVD 88 ,VERTCON   ,,,2,Y,,,,,,,1969    ,20050116,MARK NOT FOUND  ,GEOCAC,,,C
148,20140526,http://www.ngs.noaa.gov/cgi-bin/ds_mark.prl?PidBox=FO1305,-106.67039, 35.10503,FO1305,I40 16,NM,BERNALILLO,ALBUQUERQUE WEST (1990),35 06 18.10243(N),106 40 13.40899(W),NAD 83,(1992),ADJUSTED  , 1519.81 ,NAVD 88 ,VERTCON   ,,,2,Y,,,,,,,1969    ,20051211,MARK NOT FOUND  ,GEOCAC,,,C
149,20140526,http://www.ngs.noaa.gov/cgi-bin/ds_mark.prl?PidBox=FO1283,-106.69951, 35.10748,FO1283,I40 17,NM,BERNALILLO,ALBUQUERQUE WEST (1990),35 06 26.94385(N),106 41 58.22725(W),NAD 83,(1992),ADJUSTED  , 1555.72 ,NAVD 88 ,VERTCON   ,,,2,Y,,,,,,,1969    ,20051211,MARK NOT FOUND  ,GEOCAC,,,C
150,20140526,http://www.ngs.noaa.gov/cgi-bin/ds_mark.prl?PidBox=FO1273,-106.70518, 35.10671,FO1273,I40 18,NM,BERNALILLO,ALBUQUERQUE WEST (1990),35 06 24.14432(N),106 42 18.65414(W),NAD 83,(1992),ADJUSTED  , 1556.52 ,NAVD 88 ,VERTCON   ,,,2,Y,,,,,,,1969    ,20051211,MARK NOT FOUND  ,GEOCAC,,,C
151,20140526,http://www.ngs.noaa.gov/cgi-bin/ds_mark.prl?PidBox=FO1203,-106.51532, 35.07694,FO1203,I40 2,NM,BERNALILLO,ALBUQUERQUE EAST (1990),35 04 36.99456(N),106 30 55.13607(W),NAD 83,(1992),ADJUSTED  , 1695.20 ,NAVD 88 ,VERTCON   ,,,2,Y,,,,,,,1969    ,1969    ,MONUMENTED      ,NMHD,,,C
152,20140526,http://www.ngs.noaa.gov/cgi-bin/ds_mark.prl?PidBox=FO1199,-106.53243, 35.08268,FO1199,I40 3,NM,BERNALILLO,ALBUQUERQUE EAST (1990),35 04 57.63783(N),106 31 56.76260(W),NAD 83,(1992),ADJUSTED  , 1662.80 ,NAVD 88 ,VERTCON   ,,,2,Y,,,,,,,1969    ,20041219,MARK NOT FOUND  ,GEOCAC,,,C
153,20140526,http://www.ngs.noaa.gov/cgi-bin/ds_mark.prl?PidBox=FO1231,-106.53805, 35.08506,FO1231,I40 4,NM,BERNALILLO,ALBUQUERQUE EAST (1990),35 05 06.22288(N),106 32 16.98834(W),NAD 83,(1992),ADJUSTED  , 1649.08 ,NAVD 88 ,VERTCON   ,,,2,Y,,,,,,,1969    ,20030805,MARK NOT FOUND  ,USPSQD,,,C
154,20140526,http://www.ngs.noaa.gov/cgi-bin/ds_mark.prl?PidBox=FO1193,-106.55067, 35.09059,FO1193,I40 5,NM,BERNALILLO,ALBUQUERQUE EAST (1990),35 05 26.12051(N),106 33 02.39402(W),NAD 83,(1992),ADJUSTED  , 1635.49 ,NAVD 88 ,VERTCON   ,,,2,Y,,,,,,,1969    ,20041219,MARK NOT FOUND  ,GEOCAC,,,C
155,20140526,http://www.ngs.noaa.gov/cgi-bin/ds_mark.prl?PidBox=EQ0999,-107.06387, 34.99985,EQ0999,I40 51,NM,BERNALILLO,SOUTH GARCIA (1971),34 59 59.45132(N),107 03 49.91902(W),NAD 83,(1992),ADJUSTED  , 1721.42 ,NAVD 88 ,VERTCON   ,,,2,Y,,,,,,,1971    ,1971    ,MONUMENTED      ,NMHD,,,D
156,20140526,http://www.ngs.noaa.gov/cgi-bin/ds_mark.prl?PidBox=EQ1000,-107.07748, 34.99540,EQ1000,I40 52,NM,BERNALILLO,SOUTH GARCIA (1971),34 59 43.42789(N),107 04 38.93950(W),NAD 83,(1992),ADJUSTED  , 1732.72 ,NAVD 88 ,VERTCON   ,,,2,Y,,,,,,,1971    ,20090920,GOOD            ,GEOCAC,,,D
157,20140526,http://www.ngs.noaa.gov/cgi-bin/ds_mark.prl?PidBox=FO1226,-106.55943, 35.09330,FO1226,I40 6,NM,BERNALILLO,ALBUQUERQUE EAST (1990),35 05 35.87281(N),106 33 33.96289(W),NAD 83,(1992),ADJUSTED  , 1625.33 ,NAVD 88 ,VERTCON   ,,,2,Y,,,,,,,1969    ,20041006,GOOD            ,GEOCAC,N,20041006,C
158,20140526,http://www.ngs.noaa.gov/cgi-bin/ds_mark.prl?PidBox=FO1210,-106.56875, 35.09704,FO1210,I40 7,NM,BERNALILLO,ALBUQUERQUE EAST (1990),35 05 49.33835(N),106 34 07.51173(W),NAD 83,(1992),ADJUSTED  , 1615.23 ,NAVD 88 ,VERTCON   ,,,2,Y,,,,,,,1969    ,20041219,MARK NOT FOUND  ,GEOCAC,,,C
159,20140526,http://www.ngs.noaa.gov/cgi-bin/ds_mark.prl?PidBox=FO1204,-106.57747, 35.10058,FO1204,I40 8,NM,BERNALILLO,ALBUQUERQUE EAST (1990),35 06 02.09711(N),106 34 38.89299(W),NAD 83,(1992),ADJUSTED  , 1601.74 ,NAVD 88 ,VERTCON   ,,,2,Y,,,,,,,1969    ,20041025,MARK NOT FOUND  ,GEOCAC,,,C
160,20140526,http://www.ngs.noaa.gov/cgi-bin/ds_mark.prl?PidBox=FO1195,-106.58807, 35.10485,FO1195,I40 9,NM,BERNALILLO,ALBUQUERQUE EAST (1990),35 06 17.47571(N),106 35 17.05461(W),NAD 83,(1992),ADJUSTED  , 1589.31 ,NAVD 88 ,VERTCON   ,,,2,Y,,,,,,,1969    ,20040923,MARK NOT FOUND  ,GEOCAC,,,C
161,20140526,http://www.ngs.noaa.gov/cgi-bin/ds_mark.prl?PidBox=FO1426,-106.81035, 35.05941,FO1426,I40 EE,NM,BERNALILLO,LA MESITA NEGRA SE (1990),35 03 33.88894(N),106 48 37.26522(W),NAD 83,(1992),ADJUSTED  , 1758.53 ,NAVD 88 ,VERTCON   ,,,2,Y,,,,,,,1969    ,20051105,GOOD            ,GEOCAC,Y,20051105,C
162,20140526,http://www.ngs.noaa.gov/cgi-bin/ds_mark.prl?PidBox=FO0996,-106.48429, 35.05407,FO0996,I40 R1,NM,BERNALILLO,TIJERAS (1990),35 03 14.63485(N),106 29 03.45434(W),NAD 83,(1992),ADJUSTED  , 1860.29 ,NAVD 88 ,VERTCON   ,,,3,Y,,,,,,,1970    ,1970    ,MONUMENTED      ,NMHD,,,D
163,20140526,http://www.ngs.noaa.gov/cgi-bin/ds_mark.prl?PidBox=FO0985,-106.26090, 35.09049,FO0985,I40 R10,NM,BERNALILLO,SEDILLO (1995),35 05 25.76421(N),106 15 39.24872(W),NAD 83,(1992),ADJUSTED  , 2079.47 ,NAVD 88 ,VERTCON   ,,,3,Y,,,,,,,1970    ,1970    ,MONUMENTED      ,NGS,,,D
164,20140526,http://www.ngs.noaa.gov/cgi-bin/ds_mark.prl?PidBox=FO0971,-106.24387, 35.10252,FO0971,I40 R11,NM,BERNALILLO,EDGEWOOD (1990),35 06 09.06552(N),106 14 37.94514(W),NAD 83,(1992),ADJUSTED  , 2059.47 ,NAVD 88 ,VERTCON   ,,,3,Y,,,,,,,1970    ,1970    ,MONUMENTED      ,NGS,,,D
165,20140526,http://www.ngs.noaa.gov/cgi-bin/ds_mark.prl?PidBox=FO1004,-106.42754, 35.06428,FO1004,I40 R2,NM,BERNALILLO,TIJERAS (1990),35 03 51.42220(N),106 25 39.16141(W),NAD 83,(1992),ADJUSTED  , 1885.18 ,NAVD 88 ,VERTCON   ,,,3,Y,,,,,,,1970    ,1970    ,MONUMENTED      ,NMHD,,,D
166,20140526,http://www.ngs.noaa.gov/cgi-bin/ds_mark.prl?PidBox=FO1002,-106.40658, 35.07976,FO1002,I40 R3,NM,BERNALILLO,TIJERAS (1990),35 04 47.14573(N),106 24 23.68519(W),NAD 83,(1992),ADJUSTED  , 1909.10 ,NAVD 88 ,VERTCON   ,,,3,Y,,,,,,,1970    ,1970    ,MONUMENTED      ,NMHD,,,D
167,20140526,http://www.ngs.noaa.gov/cgi-bin/ds_mark.prl?PidBox=FO0994,-106.38307, 35.07992,FO0994,I40 R4,NM,BERNALILLO,TIJERAS (1990),35 04 47.71512(N),106 22 59.06178(W),NAD 83,(1992),ADJUSTED  , 1955.09 ,NAVD 88 ,VERTCON   ,,,3,Y,,,,,,,1970    ,20051223,GOOD            ,GEOCAC,Y,20051223,D
168,20140526,http://www.ngs.noaa.gov/cgi-bin/ds_mark.prl?PidBox=FO0980,-106.36705, 35.09647,FO0980,I40 R5,NM,BERNALILLO,SEDILLO (1995),35 05 47.30818(N),106 22 01.39669(W),NAD 83,(1992),ADJUSTED  , 1964.39 ,NAVD 88 ,VERTCON   ,,,3,Y,,,,,,,1970    ,1970    ,MONUMENTED      ,NMHD,,,D
169,20140526,http://www.ngs.noaa.gov/cgi-bin/ds_mark.prl?PidBox=FO0986,-106.34960, 35.10287,FO0986,I40 R6,NM,BERNALILLO,SEDILLO (1995),35 06 10.34065(N),106 20 58.56386(W),NAD 83,(1992),ADJUSTED  , 2004.10 ,NAVD 88 ,VERTCON   ,,,3,Y,,,,,,,1970    ,1970    ,MONUMENTED      ,NMHD,,,D
170,20140526,http://www.ngs.noaa.gov/cgi-bin/ds_mark.prl?PidBox=FO0981,-106.32351, 35.11631,FO0981,I40 R7,NM,BERNALILLO,SEDILLO (1995),35 06 58.73061(N),106 19 24.62153(W),NAD 83,(1992),ADJUSTED  , 2088.83 ,NAVD 88 ,VERTCON   ,,,3,Y,,,,,,,1970    ,1970    ,MONUMENTED      ,NMHD,,,D
171,20140526,http://www.ngs.noaa.gov/cgi-bin/ds_mark.prl?PidBox=FO0983,-106.29836, 35.10376,FO0983,I40 R8,NM,BERNALILLO,SEDILLO (1995),35 06 13.52001(N),106 17 54.10688(W),NAD 83,(2011),ADJUSTED  , 2133.0  ,NAVD 88 ,GPS OBS   ,2113.444,ADJUSTED,,,,,,,,,1970    ,19990813,GOOD            ,NGS,Y,19990813,C
172,20140526,http://www.ngs.noaa.gov/cgi-bin/ds_mark.prl?PidBox=FO0984,-106.28145, 35.10053,FO0984,I40 R9,NM,BERNALILLO,SEDILLO (1995),35 06 01.90008(N),106 16 53.21924(W),NAD 83,(1992),ADJUSTED  , 2149.99 ,NAVD 88 ,VERTCON   ,,,3,Y,,,,,,,1970    ,1970    ,MONUMENTED      ,NGS,,,D
173,20140526,http://www.ngs.noaa.gov/cgi-bin/ds_mark.prl?PidBox=EQ0668,-106.70875, 34.90185,EQ0668,ISLETA AZ MK,NM,BERNALILLO,ISLETA (1991),34 54 06.65892(N),106 42 31.50241(W),NAD 83,(1992),ADJUSTED  , 1517.119,NAVD 88 ,ADJUSTED  ,,,2,Y,1,2,Y,,,,1946    ,20070109,GOOD            ,INDIV,Y,20070109,C
174,20140526,http://www.ngs.noaa.gov/cgi-bin/ds_mark.prl?PidBox=EQ0071,-106.22611, 34.88611,EQ0071,J 135,NM,BERNALILLO,CHILILI (1991),34 53 10.     (N),106 13 34.     (W),NAD 83,(1986),SCALED    , 2083.442,NAVD 88 ,ADJUSTED  ,,,,,2,0,Y,,,,1935    ,1954    ,GOOD            ,USGS,,,A
175,20140526,http://www.ngs.noaa.gov/cgi-bin/ds_mark.prl?PidBox=EQ0078,-106.33028, 34.99000,EQ0078,J 2,NM,BERNALILLO,ESCABOSA (1995),34 59 24.     (N),106 19 49.     (W),NAD 83,(1986),SCALED    , 2306.007,NAVD 88 ,ADJUSTED  ,,,,,2,0,Y,,,,1934    ,1935    ,GOOD            ,CGS,,,C
176,20140526,http://www.ngs.noaa.gov/cgi-bin/ds_mark.prl?PidBox=EQ0293,-106.69611, 34.91028,EQ0293,J 224,NM,BERNALILLO,ISLETA (1991),34 54 37.     (N),106 41 46.     (W),NAD 83,(1986),SCALED    , 1492.498,NAVD 88 ,ADJUSTED  ,,,,,1,2,Y,,,,1951    ,20061201,MARK NOT FOUND  ,INDIV,,,D
177,20140526,http://www.ngs.noaa.gov/cgi-bin/ds_mark.prl?PidBox=FO0313,-106.71639, 35.08528,FO0313,J 225,NM,BERNALILLO,ALBUQUERQUE WEST (1990),35 05 07.     (N),106 42 59.     (W),NAD 83,(1986),SCALED    , 1555.231,NAVD 88 ,ADJUSTED  ,,,,,1,2,Y,,,,1951    ,20050206,MARK NOT FOUND  ,GEOCAC,,,C
178,20140526,http://www.ngs.noaa.gov/cgi-bin/ds_mark.prl?PidBox=FO0303,-106.81306, 35.17278,FO0303,J 227,NM,BERNALILLO,THE VOLCANOES (1990),35 10 22.     (N),106 48 47.     (W),NAD 83,(1986),SCALED    , 1782.217,NAVD 88 ,ADJUSTED  ,,,,,1,2,Y,,,,1951    ,20120405,GOOD            ,INDIV,Y,20120405,C
179,20140526,http://www.ngs.noaa.gov/cgi-bin/ds_mark.prl?PidBox=FO0180,-106.33944, 35.01611,FO0180,J 3,NM,BERNALILLO,SEDILLO (1995),35 00 58.     (N),106 20 22.     (W),NAD 83,(1986),SCALED    , 2192.851,NAVD 88 ,ADJUSTED  ,,,,,2,0,Y,,,,1934    ,1954    ,MARK NOT FOUND  ,USGS,,,A
180,20140526,http://www.ngs.noaa.gov/cgi-bin/ds_mark.prl?PidBox=FO0812,-106.68972, 35.10639,FO0812,J 424,NM,BERNALILLO,ALBUQUERQUE WEST (1990),35 06 23.     (N),106 41 23.     (W),NAD 83,(1986),SCALED    , 1522.136,NAVD 88 ,ADJUSTED  ,,,,,1,2,Y,,,,1982    ,20051211,MARK NOT FOUND  ,GEOCAC,,,A
181,20140526,http://www.ngs.noaa.gov/cgi-bin/ds_mark.prl?PidBox=AC8346,-106.69028, 35.10639,AC8346,J 424 RESET,NM,BERNALILLO,ALBUQUERQUE WEST (1990),35 06 23.     (N),106 41 25.     (W),NAD 83,(1986),SCALED    , 1521.18 ,NAVD 88 ,RESET     ,,,,,3,,Y,,,,1993    ,20051211,GOOD            ,GEOCAC,Y,1993,B
182,20140526,http://www.ngs.noaa.gov/cgi-bin/ds_mark.prl?PidBox=FO1104,-106.51569, 35.13048,FO1104,JT 1,NM,BERNALILLO,ALAMEDA (1990),35 07 49.71447(N),106 30 56.49258(W),NAD 83,(1992),ADJUSTED  , 1744.93 ,NAVD 88 ,VERTCON   ,,,2,Y,,,,,,,1969    ,20030926,MARK NOT FOUND  ,INDIV,,,C
183,20140526,http://www.ngs.noaa.gov/cgi-bin/ds_mark.prl?PidBox=FO1216,-106.51568, 35.11607,FO1216,JT 2,NM,BERNALILLO,ALBUQUERQUE EAST (1990),35 06 57.86880(N),106 30 56.44262(W),NAD 83,(1992),ADJUSTED  , 1713.19 ,NAVD 88 ,VERTCON   ,,,2,Y,,,,,,,1969    ,20030926,MARK NOT FOUND  ,INDIV,,,C
184,20140526,http://www.ngs.noaa.gov/cgi-bin/ds_mark.prl?PidBox=FO1212,-106.51540, 35.09947,FO1212,JT 3,NM,BERNALILLO,ALBUQUERQUE EAST (1990),35 05 58.10897(N),106 30 55.45072(W),NAD 83,(1992),ADJUSTED  , 1712.06 ,NAVD 88 ,VERTCON   ,,,2,Y,,,,,,,1969    ,20050115,MARK NOT FOUND  ,GEOCAC,,,C
185,20140526,http://www.ngs.noaa.gov/cgi-bin/ds_mark.prl?PidBox=FO1222,-106.51505, 35.08656,FO1222,JT 4,NM,BERNALILLO,ALBUQUERQUE EAST (1990),35 05 11.61583(N),106 30 54.18762(W),NAD 83,(1992),ADJUSTED  , 1699.54 ,NAVD 88 ,VERTCON   ,,,2,Y,,,,,,,1969    ,20050115,MARK NOT FOUND  ,GEOCAC,,,C
186,20140526,http://www.ngs.noaa.gov/cgi-bin/ds_mark.prl?PidBox=EQ0297,-106.68056, 34.93000,EQ0297,K 224,NM,BERNALILLO,ISLETA (1991),34 55 48.     (N),106 40 50.     (W),NAD 83,(1986),SCALED    , 1493.210,NAVD 88 ,ADJUSTED  ,,,,,1,2,Y,,,,1951    ,1982    ,GOOD            ,NGS,,,D
187,20140526,http://www.ngs.noaa.gov/cgi-bin/ds_mark.prl?PidBox=FO0314,-106.71583, 35.08500,FO0314,K 225,NM,BERNALILLO,ALBUQUERQUE WEST (1990),35 05 06.     (N),106 42 57.     (W),NAD 83,(1986),SCALED    , 1555.462,NAVD 88 ,ADJUSTED  ,,,,,1,2,Y,,,,1951    ,20050206,MARK NOT FOUND  ,GEOCAC,,,D
188,20140526,http://www.ngs.noaa.gov/cgi-bin/ds_mark.prl?PidBox=FO0304,-106.81333, 35.15056,FO0304,K 227,NM,BERNALILLO,THE VOLCANOES (1990),35 09 02.     (N),106 48 48.     (W),NAD 83,(1986),SCALED    , 1783.051,NAVD 88 ,ADJUSTED  ,,,,,1,2,Y,,,,1951    ,20120405,GOOD            ,INDIV,Y,20120405,C
189,20140526,http://www.ngs.noaa.gov/cgi-bin/ds_mark.prl?PidBox=FO0813,-106.69417, 35.10667,FO0813,K 424,NM,BERNALILLO,ALBUQUERQUE WEST (1990),35 06 24.     (N),106 41 39.     (W),NAD 83,(1986),SCALED    , 1529.969,NAVD 88 ,ADJUSTED  ,,,,,1,2,Y,,,,1982    ,20051211,MARK NOT FOUND  ,GEOCAC,,,A
190,20140526,http://www.ngs.noaa.gov/cgi-bin/ds_mark.prl?PidBox=AC8347,-106.69472, 35.10667,AC8347,K 424 RESET,NM,BERNALILLO,ALBUQUERQUE WEST (1990),35 06 24.     (N),106 41 41.     (W),NAD 83,(1986),SCALED    , 1528.96 ,NAVD 88 ,RESET     ,,,,,3,,Y,,,,1993    ,20051211,GOOD            ,GEOCAC,Y,1993,B
191,20140526,http://www.ngs.noaa.gov/cgi-bin/ds_mark.prl?PidBox=FO0342,-106.62194, 35.05028,FO0342,KIRT,NM,BERNALILLO,ALBUQUERQUE EAST (1990),35 03 01.     (N),106 37 19.     (W),NAD 83,(1986),SCALED    , 1616.290,NAVD 88 ,ADJUSTED  ,,,,,1,2,Y,,,,1951    ,19960108,MARK NOT FOUND  ,CHANCE,,,C
192,20140526,http://www.ngs.noaa.gov/cgi-bin/ds_mark.prl?PidBox=FO0346,-106.61932, 35.04939,FO0346,KIRTLAND 2,NM,BERNALILLO,ALBUQUERQUE EAST (1990),35 02 57.81227(N),106 37 09.55264(W),NAD 83,(1992),ADJUSTED  , 1618.63 ,NAVD 88 ,RESET     ,,,1,Y,3,,N,,,,1969    ,19960109,MARK NOT FOUND  ,CHANCE,,,D
193,20140526,http://www.ngs.noaa.gov/cgi-bin/ds_mark.prl?PidBox=FO0347,-106.61933, 35.04957,FO0347,KIRTLAND 2 RM 3,NM,BERNALILLO,ALBUQUERQUE EAST (1990),35 02 58.47   (N),106 37 09.58   (W),NAD 83,(1986),HD_HELD1  , 1618.15 ,NAVD 88 ,RESET     ,,,,,3,,N,,,,1969    ,19960109,MARK NOT FOUND  ,CHANCE,,,C
194,20140526,http://www.ngs.noaa.gov/cgi-bin/ds_mark.prl?PidBox=FO0348,-106.61909, 35.04942,FO0348,KIRTLAND 2 RM 4,NM,BERNALILLO,ALBUQUERQUE EAST (1990),35 02 57.93   (N),106 37 08.73   (W),NAD 83,(1986),HD_HELD1  , 1619.12 ,NAVD 88 ,RESET     ,,,,,3,,N,,,,1969    ,19960109,MARK NOT FOUND  ,CHANCE,,,D
195,20140526,http://www.ngs.noaa.gov/cgi-bin/ds_mark.prl?PidBox=FO0345,-106.62204, 35.04861,FO0345,KIRTLAND RM 2,NM,BERNALILLO,ALBUQUERQUE EAST (1990),35 02 55.00   (N),106 37 19.34   (W),NAD 83,(1986),HD_HELD1  , 1617.862,NAVD 88 ,ADJUSTED  ,,,,,1,2,Y,,,,1946    ,19960109,MARK NOT FOUND  ,CHANCE,,,D
196,20140526,http://www.ngs.noaa.gov/cgi-bin/ds_mark.prl?PidBox=FO1693,-106.62194, 35.05861,FO1693,L 16,NM,BERNALILLO,ALBUQUERQUE EAST (1990),35 03 31.     (N),106 37 19.     (W),NAD 83,(1986),SCALED    , 1582.320,NAVD 88 ,ADJUSTED  ,,,,,1,2,Y,,,,UNK     ,20041221,MARK NOT FOUND  ,GEOCAC,Y,19911002,D
197,20140526,http://www.ngs.noaa.gov/cgi-bin/ds_mark.prl?PidBox=FO0230,-106.64500, 35.09444,FO0230,L 224,NM,BERNALILLO,ALBUQUERQUE WEST (1990),35 05 40.     (N),106 38 42.     (W),NAD 83,(1986),SCALED    , 1512.597,NAVD 88 ,ADJUSTED  ,,,,,1,2,Y,,,,1951    ,20050116,MARK NOT FOUND  ,GEOCAC,,,D
198,20140526,http://www.ngs.noaa.gov/cgi-bin/ds_mark.prl?PidBox=FO0231,-106.64528, 35.09444,FO0231,L 224 RESET,NM,BERNALILLO,ALBUQUERQUE WEST (1990),35 05 40.     (N),106 38 43.     (W),NAD 83,(1986),SCALED    , 1512.175,NAVD 88 ,ADJUSTED  ,,,,,1,2,Y,,,,1953    ,20050116,MARK NOT FOUND  ,GEOCAC,,,B
199,20140526,http://www.ngs.noaa.gov/cgi-bin/ds_mark.prl?PidBox=FO0315,-106.72333, 35.08028,FO0315,L 225,NM,BERNALILLO,ALBUQUERQUE WEST (1990),35 04 49.     (N),106 43 24.     (W),NAD 83,(1986),SCALED    , 1556.011,NAVD 88 ,ADJUSTED  ,,,,,1,2,Y,,,,1951    ,20050206,MARK NOT FOUND  ,GEOCAC,,,C
200,20140526,http://www.ngs.noaa.gov/cgi-bin/ds_mark.prl?PidBox=FO0305,-106.81389, 35.14722,FO0305,L 227,NM,BERNALILLO,THE VOLCANOES (1990),35 08 50.     (N),106 48 50.     (W),NAD 83,(1986),SCALED    , 1782.934,NAVD 88 ,ADJUSTED  ,,,,,1,2,Y,,,,1951    ,1951    ,MONUMENTED      ,CGS,,,C
201,20140526,http://www.ngs.noaa.gov/cgi-bin/ds_mark.prl?PidBox=FO0814,-106.70500, 35.10667,FO0814,L 424,NM,BERNALILLO,ALBUQUERQUE WEST (1990),35 06 24.     (N),106 42 18.     (W),NAD 83,(1986),SCALED    , 1554.101,NAVD 88 ,ADJUSTED  ,,,,,1,2,Y,,,,1982    ,20051211,MARK NOT FOUND  ,GEOCAC,,,A
202,20140526,http://www.ngs.noaa.gov/cgi-bin/ds_mark.prl?PidBox=FO0359,-106.54444, 35.02861,FO0359,LIM 2,NM,BERNALILLO,ALBUQUERQUE EAST (1990),35 01 43.     (N),106 32 40.     (W),NAD 83,(1986),SCALED    , 1620.202,NAVD 88 ,ADJUSTED  ,,,,,1,2,Y,,,,UNK     ,1967    ,GOOD            ,CGS,,,B
203,20140526,http://www.ngs.noaa.gov/cgi-bin/ds_mark.prl?PidBox=EQ0634,-107.07547, 34.99270,EQ0634,LINE,NM,BERNALILLO,SOUTH GARCIA (1971),34 59 33.70721(N),107 04 31.67414(W),NAD 83,(1992),ADJUSTED  , 1740.969,NAVD 88 ,ADJUSTED  ,,,2,Y,1,2,Y,,,,1958    ,1982    ,GOOD            ,NGS,,,A
204,20140526,http://www.ngs.noaa.gov/cgi-bin/ds_mark.prl?PidBox=FO1157,-106.53213, 35.13067,FO1157,M 1,NM,BERNALILLO,ALAMEDA (1990),35 07 50.39682(N),106 31 55.65835(W),NAD 83,(1992),ADJUSTED  , 1703.30 ,NAVD 88 ,VERTCON   ,,,2,Y,,,,,,,1969    ,20050115,MARK NOT FOUND  ,GEOCAC,,,C
205,20140526,http://www.ngs.noaa.gov/cgi-bin/ds_mark.prl?PidBox=FO1120,-106.54788, 35.13070,FO1120,M 2,NM,BERNALILLO,ALAMEDA (1990),35 07 50.50307(N),106 32 52.35244(W),NAD 83,(1992),ADJUSTED  , 1664.74 ,NAVD 88 ,VERTCON   ,,,2,Y,,,,,,,1969    ,20050109,MARK NOT FOUND  ,GEOCAC,,,C
206,20140526,http://www.ngs.noaa.gov/cgi-bin/ds_mark.prl?PidBox=EQ0313,-106.73222, 34.88639,EQ0313,M 2,NM,BERNALILLO,ISLETA (1991),34 53 11.     (N),106 43 56.     (W),NAD 83,(1986),SCALED    , 1520.756,NAVD 88 ,POSTED    ,,,,,,,,a,,,1909    ,1982    ,MARK NOT FOUND  ,NGS,,,A
207,20140526,http://www.ngs.noaa.gov/cgi-bin/ds_mark.prl?PidBox=FO0232,-106.64167, 35.11000,FO0232,M 224,NM,BERNALILLO,ALBUQUERQUE WEST (1990),35 06 36.     (N),106 38 30.     (W),NAD 83,(1986),SCALED    , 1517.496,NAVD 88 ,ADJUSTED  ,,,,,1,2,Y,,,,1951    ,1984    ,MARK NOT FOUND  ,NGS,,,C
208,20140526,http://www.ngs.noaa.gov/cgi-bin/ds_mark.prl?PidBox=FO0233,-106.62167, 35.10944,FO0233,M 225,NM,BERNALILLO,ALBUQUERQUE EAST (1990),35 06 34.     (N),106 37 18.     (W),NAD 83,(1986),SCALED    , 1539.767,NAVD 88 ,ADJUSTED  ,,,,,1,2,Y,,,,1951    ,20041219,MARK NOT FOUND  ,GEOCAC,,,C
209,20140526,http://www.ngs.noaa.gov/cgi-bin/ds_mark.prl?PidBox=FO0227,-106.65278, 35.08361,FO0227,M 26,NM,BERNALILLO,ALBUQUERQUE WEST (1990),35 05 01.     (N),106 39 10.     (W),NAD 83,(1986),SCALED    , 1510.649,NAVD 88 ,ADJUSTED  ,,,,,1,2,Y,,,,1933    ,20090702,GOOD            ,GEOCAC,N,20090702,D
210,20140526,http://www.ngs.noaa.gov/cgi-bin/ds_mark.prl?PidBox=FO1168,-106.56892, 35.13074,FO1168,M 3,NM,BERNALILLO,ALAMEDA (1990),35 07 50.66863(N),106 34 08.11137(W),NAD 83,(1992),ADJUSTED  , 1619.03 ,NAVD 88 ,VERTCON   ,,,2,Y,,,,,,,1969    ,20050103,MARK NOT FOUND  ,GEOCAC,,,C
211,20140526,http://www.ngs.noaa.gov/cgi-bin/ds_mark.prl?PidBox=FO1123,-106.57786, 35.13087,FO1123,M 4,NM,BERNALILLO,ALAMEDA (1990),35 07 51.14256(N),106 34 40.28951(W),NAD 83,(1992),ADJUSTED  , 1602.26 ,NAVD 88 ,VERTCON   ,,,2,Y,,,,,,,1969    ,1969    ,MONUMENTED      ,NMHD,,,C
212,20140526,http://www.ngs.noaa.gov/cgi-bin/ds_mark.prl?PidBox=FO0815,-106.72750, 35.09500,FO0815,M 424,NM,BERNALILLO,ALBUQUERQUE WEST (1990),35 05 42.     (N),106 43 39.     (W),NAD 83,(1986),SCALED    , 1572.251,NAVD 88 ,ADJUSTED  ,,,,,1,2,Y,,,,1982    ,19840202,MARK NOT FOUND  ,NGS,,,B
213,20140526,http://www.ngs.noaa.gov/cgi-bin/ds_mark.prl?PidBox=FO1691,-106.72750, 35.09500,FO1691,M 424 RESET,NM,BERNALILLO,ALBUQUERQUE WEST (1990),35 05 42.     (N),106 43 39.     (W),NAD 83,(1986),SCALED    , 1578.668,NAVD 88 ,ADJUSTED  ,,,,,1,2,Y,,,,1984    ,20051211,GOOD            ,GEOCAC,N,20051211,B
214,20140526,http://www.ngs.noaa.gov/cgi-bin/ds_mark.prl?PidBox=FO1180,-106.59551, 35.13094,FO1180,M 5,NM,BERNALILLO,ALAMEDA (1990),35 07 51.38605(N),106 35 43.83057(W),NAD 83,(1992),ADJUSTED  , 1571.99 ,NAVD 88 ,VERTCON   ,,,2,Y,,,,,,,1969    ,1969    ,MONUMENTED      ,NMHD,,,C
215,20140526,http://www.ngs.noaa.gov/cgi-bin/ds_mark.prl?PidBox=FO1144,-106.60677, 35.13115,FO1144,M 6,NM,BERNALILLO,ALAMEDA (1990),35 07 52.13589(N),106 36 24.36889(W),NAD 83,(1992),ADJUSTED  , 1558.52 ,NAVD 88 ,VERTCON   ,,,2,Y,,,,,,,1969    ,20071108,GOOD            ,INDIV,,,C
216,20140526,http://www.ngs.noaa.gov/cgi-bin/ds_mark.prl?PidBox=FO0362,-106.51556, 35.00056,FO0362,MB 2,NM,BERNALILLO,ALBUQUERQUE EAST (1990),35 00 02.     (N),106 30 56.     (W),NAD 83,(1986),SCALED    , 1676.293,NAVD 88 ,ADJUSTED  ,,,,,1,2,Y,,,,1953    ,1967    ,GOOD            ,CGS,,,C
217,20140526,http://www.ngs.noaa.gov/cgi-bin/ds_mark.prl?PidBox=FO1138,-106.60936, 35.13252,FO1138,MONTGOMERY,NM,BERNALILLO,ALAMEDA (1990),35 07 57.08935(N),106 36 33.70629(W),NAD 83,(1992),ADJUSTED  , 1560.21 ,NAVD 88 ,VERTCON   ,,,1,Y,,,,,,,1969    ,20050101,MARK NOT FOUND  ,GEOCAC,,,
218,20140526,http://www.ngs.noaa.gov/cgi-bin/ds_mark.prl?PidBox=EQ0291,-106.69944, 34.90639,EQ0291,N 2,NM,BERNALILLO,ISLETA (1991),34 54 23.     (N),106 41 58.     (W),NAD 83,(1986),SCALED    , 1493.613,NAVD 88 ,POSTED    ,,,,,,,,c,,,1909    ,20061201,MARK NOT FOUND  ,INDIV,,,C
219,20140526,http://www.ngs.noaa.gov/cgi-bin/ds_mark.prl?PidBox=FO0234,-106.60389, 35.11000,FO0234,N 225,NM,BERNALILLO,ALBUQUERQUE EAST (1990),35 06 36.     (N),106 36 14.     (W),NAD 83,(1986),SCALED    , 1568.624,NAVD 88 ,ADJUSTED  ,,,,,1,2,Y,,,,1951    ,20050103,MARK NOT FOUND  ,GEOCAC,,,C
220,20140526,http://www.ngs.noaa.gov/cgi-bin/ds_mark.prl?PidBox=FO0235,-106.60333, 35.11000,FO0235,N 225 RESET,NM,BERNALILLO,ALBUQUERQUE EAST (1990),35 06 36.     (N),106 36 12.     (W),NAD 83,(1986),SCALED    , 1568.23 ,NAVD 88 ,RESET     ,,,,,3,,N,,,,1958    ,1963    ,MARK NOT FOUND  ,LOCSUR,,,D
221,20140526,http://www.ngs.noaa.gov/cgi-bin/ds_mark.prl?PidBox=FO0228,-106.65111, 35.08722,FO0228,N 26,NM,BERNALILLO,ALBUQUERQUE WEST (1990),35 05 14.     (N),106 39 04.     (W),NAD 83,(1986),SCALED    , 1512.376,NAVD 88 ,ADJUSTED  ,,,,,1,2,Y,,,,1933    ,1989    ,MARK NOT FOUND  ,USPSQD,,,B
222,20140526,http://www.ngs.noaa.gov/cgi-bin/ds_mark.prl?PidBox=FO0816,-106.74639, 35.08528,FO0816,N 424,NM,BERNALILLO,ALBUQUERQUE WEST (1990),35 05 07.     (N),106 44 47.     (W),NAD 83,(1986),SCALED    , 1618.079,NAVD 88 ,ADJUSTED  ,,,,,1,2,Y,,,,1982    ,19911002,GOOD            ,NGS,,,A
223,20140526,http://www.ngs.noaa.gov/cgi-bin/ds_mark.prl?PidBox=FO1328,-106.64529, 35.06081,FO1328,NM 361 1,NM,BERNALILLO,ALBUQUERQUE WEST (1990),35 03 38.93064(N),106 38 43.03691(W),NAD 83,(1992),ADJUSTED  , 1514.89 ,NAVD 88 ,VERTCON   ,,,2,Y,,,,,,,1969    ,20041221,MARK NOT FOUND  ,GEOCAC,,,C
224,20140526,http://www.ngs.noaa.gov/cgi-bin/ds_mark.prl?PidBox=FO1330,-106.64517, 35.05787,FO1330,NM 361 2,NM,BERNALILLO,ALBUQUERQUE WEST (1990),35 03 28.33463(N),106 38 42.60163(W),NAD 83,(1992),ADJUSTED  , 1515.223,NAVD 88 ,ADJUSTED  ,,,2,Y,1,2,Y,,,,1969    ,20041221,MARK NOT FOUND  ,GEOCAC,Y,19911002,C
225,20140526,http://www.ngs.noaa.gov/cgi-bin/ds_mark.prl?PidBox=FO1329,-106.64521, 35.05557,FO1329,NM 361 3,NM,BERNALILLO,ALBUQUERQUE WEST (1990),35 03 20.04508(N),106 38 42.74710(W),NAD 83,(1992),ADJUSTED  , 1514.49 ,NAVD 88 ,VERTCON   ,,,2,Y,,,,,,,1969    ,20041221,MARK NOT FOUND  ,GEOCAC,,,C
226,20140526,http://www.ngs.noaa.gov/cgi-bin/ds_mark.prl?PidBox=FO1342,-106.64765, 35.04340,FO1342,NM 361 4,NM,BERNALILLO,ALBUQUERQUE WEST (1990),35 02 36.25452(N),106 38 51.53893(W),NAD 83,(1992),ADJUSTED  , 1508.11 ,NAVD 88 ,VERTCON   ,,,2,Y,,,,,,,1969    ,20041221,MARK NOT FOUND  ,GEOCAC,,,C
227,20140526,http://www.ngs.noaa.gov/cgi-bin/ds_mark.prl?PidBox=FO1327,-106.64645, 35.02499,FO1327,NM 361 5,NM,BERNALILLO,ALBUQUERQUE WEST (1990),35 01 29.96585(N),106 38 47.21384(W),NAD 83,(1992),ADJUSTED  , 1521.51 ,NAVD 88 ,VERTCON   ,,,2,Y,,,,,,,1969    ,20041221,MARK NOT FOUND  ,GEOCAC,,,C
228,20140526,http://www.ngs.noaa.gov/cgi-bin/ds_mark.prl?PidBox=EQ0880,-106.65329, 34.99393,EQ0880,NM 361 6,NM,BERNALILLO,ISLETA (1991),34 59 38.13927(N),106 39 11.82915(W),NAD 83,(1992),ADJUSTED  , 1545.92 ,NAVD 88 ,VERTCON   ,,,2,Y,,,,,,,1969    ,20050524,MARK NOT FOUND  ,GEOCAC,,,C
229,20140526,http://www.ngs.noaa.gov/cgi-bin/ds_mark.prl?PidBox=FO1124,-106.58641, 35.14504,FO1124,NM 367 1,NM,BERNALILLO,ALAMEDA (1990),35 08 42.15514(N),106 35 11.07926(W),NAD 83,(1992),ADJUSTED  , 1589.04 ,NAVD 88 ,VERTCON   ,,,2,Y,,,,,,,1969    ,20081121,GOOD            ,USACE,Y,20081121,C
230,20140526,http://www.ngs.noaa.gov/cgi-bin/ds_mark.prl?PidBox=FO1127,-106.58645, 35.12817,FO1127,NM 367 4,NM,BERNALILLO,ALAMEDA (1990),35 07 41.41969(N),106 35 11.21994(W),NAD 83,(1992),ADJUSTED  , 1586.53 ,NAVD 88 ,VERTCON   ,,,2,Y,,,,,,,1969    ,20081122,GOOD            ,USACE,Y,20081122,C
231,20140526,http://www.ngs.noaa.gov/cgi-bin/ds_mark.prl?PidBox=FO1240,-106.58643, 35.12197,FO1240,NM 367 5,NM,BERNALILLO,ALBUQUERQUE EAST (1990),35 07 19.10237(N),106 35 11.13145(W),NAD 83,(1992),ADJUSTED  , 1587.03 ,NAVD 88 ,VERTCON   ,,,2,Y,,,,,,,1969    ,20041025,MARK NOT FOUND  ,GEOCAC,,,C
232,20140526,http://www.ngs.noaa.gov/cgi-bin/ds_mark.prl?PidBox=FO1217,-106.58640, 35.11732,FO1217,NM 367 6,NM,BERNALILLO,ALBUQUERQUE EAST (1990),35 07 02.35246(N),106 35 11.03707(W),NAD 83,(1992),ADJUSTED  , 1588.01 ,NAVD 88 ,VERTCON   ,,,2,Y,,,,,,,1969    ,20071107,GOOD            ,INDIV,N,20040922,C
233,20140526,http://www.ngs.noaa.gov/cgi-bin/ds_mark.prl?PidBox=FO1247,-106.58640, 35.10843,FO1247,NM 367 7,NM,BERNALILLO,ALBUQUERQUE EAST (1990),35 06 30.33331(N),106 35 11.04261(W),NAD 83,(1992),ADJUSTED  , 1588.71 ,NAVD 88 ,VERTCON   ,,,2,Y,,,,,,,1969    ,20041025,MARK NOT FOUND  ,GEOCAC,,,C
234,20140526,http://www.ngs.noaa.gov/cgi-bin/ds_mark.prl?PidBox=FO1196,-106.58782, 35.10572,FO1196,NM 367 8,NM,BERNALILLO,ALBUQUERQUE EAST (1990),35 06 20.59838(N),106 35 16.14723(W),NAD 83,(1992),ADJUSTED  , 1587.09 ,NAVD 88 ,VERTCON   ,,,2,Y,,,,,,,1969    ,20041025,MARK NOT FOUND  ,GEOCAC,,,C
235,20140526,http://www.ngs.noaa.gov/cgi-bin/ds_mark.prl?PidBox=FO1278,-106.70157, 35.11393,FO1278,NM 448 3,NM,BERNALILLO,ALBUQUERQUE WEST (1990),35 06 50.16361(N),106 42 05.65845(W),NAD 83,(1992),ADJUSTED  , 1555.17 ,NAVD 88 ,VERTCON   ,,,2,Y,,,,,,,1969    ,20051211,MARK NOT FOUND  ,GEOCAC,,,C
236,20140526,http://www.ngs.noaa.gov/cgi-bin/ds_mark.prl?PidBox=FO1277,-106.70260, 35.08171,FO1277,NM 448 C1,NM,BERNALILLO,ALBUQUERQUE WEST (1990),35 04 54.15164(N),106 42 09.36273(W),NAD 83,(1992),ADJUSTED  , 1547.44 ,NAVD 88 ,VERTCON   ,,,2,Y,,,,,,,1969    ,20050206,GOOD            ,GEOCAC,,,C
237,20140526,http://www.ngs.noaa.gov/cgi-bin/ds_mark.prl?PidBox=FO1269,-106.71059, 35.08007,FO1269,NM 448 N1,NM,BERNALILLO,ALBUQUERQUE WEST (1990),35 04 48.23470(N),106 42 38.12297(W),NAD 83,(1992),ADJUSTED  , 1553.37 ,NAVD 88 ,VERTCON   ,,,2,Y,,,,,,,1969    ,20050206,MARK NOT FOUND  ,GEOCAC,,,C
238,20140526,http://www.ngs.noaa.gov/cgi-bin/ds_mark.prl?PidBox=FO1364,-106.65960, 35.18871,FO1364,NM 448 N10,NM,BERNALILLO,LOS GRIEGOS (1990),35 11 19.34019(N),106 39 34.56738(W),NAD 83,(1992),ADJUSTED  , 1538.70 ,NAVD 88 ,VERTCON   ,,,2,Y,,,,,,,1969    ,20050530,GOOD            ,GEOCAC,Y,20050530,C
239,20140526,http://www.ngs.noaa.gov/cgi-bin/ds_mark.prl?PidBox=FO1359,-106.65473, 35.19406,FO1359,NM 448 N11,NM,BERNALILLO,LOS GRIEGOS (1990),35 11 38.63024(N),106 39 17.02898(W),NAD 83,(1992),ADJUSTED  , 1537.27 ,NAVD 88 ,VERTCON   ,,,2,Y,,,,,,,1969    ,1969    ,MONUMENTED      ,NMHD,,,C
240,20140526,http://www.ngs.noaa.gov/cgi-bin/ds_mark.prl?PidBox=FO1362,-106.64856, 35.20179,FO1362,NM 448 N12,NM,BERNALILLO,LOS GRIEGOS (1990),35 12 06.45008(N),106 38 54.79805(W),NAD 83,(1992),ADJUSTED  , 1532.01 ,NAVD 88 ,VERTCON   ,,,2,Y,,,,,,,1969    ,20050530,GOOD            ,GEOCAC,N,20050530,C
241,20140526,http://www.ngs.noaa.gov/cgi-bin/ds_mark.prl?PidBox=FO1267,-106.71060, 35.09158,FO1267,NM 448 N2,NM,BERNALILLO,ALBUQUERQUE WEST (1990),35 05 29.70464(N),106 42 38.15266(W),NAD 83,(1992),ADJUSTED  , 1556.28 ,NAVD 88 ,VERTCON   ,,,2,Y,,,,,,,1969    ,20050206,MARK NOT FOUND  ,GEOCAC,,,C
242,20140526,http://www.ngs.noaa.gov/cgi-bin/ds_mark.prl?PidBox=FO1389,-106.70146, 35.12857,FO1389,NM 448 N4,NM,BERNALILLO,LOS GRIEGOS (1990),35 07 42.86221(N),106 42 05.25505(W),NAD 83,(1992),ADJUSTED  , 1559.20 ,NAVD 88 ,VERTCON   ,,,2,Y,,,,,,,1969    ,20050206,MARK NOT FOUND  ,GEOCAC,,,C
243,20140526,http://www.ngs.noaa.gov/cgi-bin/ds_mark.prl?PidBox=FO1392,-106.70188, 35.13486,FO1392,NM 448 N5,NM,BERNALILLO,LOS GRIEGOS (1990),35 08 05.49850(N),106 42 06.75556(W),NAD 83,(1992),ADJUSTED  , 1556.85 ,NAVD 88 ,VERTCON   ,,,2,Y,,,,,,,1969    ,20050304,MARK NOT FOUND  ,CLSI,,,C
244,20140526,http://www.ngs.noaa.gov/cgi-bin/ds_mark.prl?PidBox=FO1385,-106.69666, 35.14227,FO1385,NM 448 N6,NM,BERNALILLO,LOS GRIEGOS (1990),35 08 32.17552(N),106 41 47.98861(W),NAD 83,(1992),ADJUSTED  , 1542.76 ,NAVD 88 ,VERTCON   ,,,2,Y,,,,,,,1969    ,1969    ,MONUMENTED      ,NMHD,,,C
245,20140526,http://www.ngs.noaa.gov/cgi-bin/ds_mark.prl?PidBox=FO1378,-106.68388, 35.15205,FO1378,NM 448 N7,NM,BERNALILLO,LOS GRIEGOS (1990),35 09 07.36781(N),106 41 01.97385(W),NAD 83,(1992),ADJUSTED  , 1526.24 ,NAVD 88 ,VERTCON   ,,,2,Y,,,,,,,1969    ,1969    ,MONUMENTED      ,NMHD,,,C
246,20140526,http://www.ngs.noaa.gov/cgi-bin/ds_mark.prl?PidBox=FO1371,-106.67709, 35.16303,FO1371,NM 448 N8,NM,BERNALILLO,LOS GRIEGOS (1990),35 09 46.90272(N),106 40 37.51486(W),NAD 83,(1992),ADJUSTED  , 1530.58 ,NAVD 88 ,VERTCON   ,,,2,Y,,,,,,,1969    ,1969    ,MONUMENTED      ,NMHD,,,C
247,20140526,http://www.ngs.noaa.gov/cgi-bin/ds_mark.prl?PidBox=FO1366,-106.66764, 35.18103,FO1366,NM 448 N9,NM,BERNALILLO,LOS GRIEGOS (1990),35 10 51.71528(N),106 40 03.51295(W),NAD 83,(1992),ADJUSTED  , 1525.75 ,NAVD 88 ,VERTCON   ,,,2,Y,,,,,,,1969    ,1969    ,MONUMENTED      ,NMHD,,,C
248,20140526,http://www.ngs.noaa.gov/cgi-bin/ds_mark.prl?PidBox=FO1285,-106.69782, 35.08266,FO1285,NM 45 1,NM,BERNALILLO,ALBUQUERQUE WEST (1990),35 04 57.57206(N),106 41 52.15572(W),NAD 83,(1992),ADJUSTED  , 1529.85 ,NAVD 88 ,VERTCON   ,,,2,Y,,,,,,,1969    ,20050206,MARK NOT FOUND  ,GEOCAC,,,C
249,20140526,http://www.ngs.noaa.gov/cgi-bin/ds_mark.prl?PidBox=FO1263,-106.71759, 35.00315,FO1263,NM 45 10,NM,BERNALILLO,ALBUQUERQUE WEST (1990),35 00 11.34487(N),106 43 03.31143(W),NAD 83,(1992),ADJUSTED  , 1502.47 ,NAVD 88 ,VERTCON   ,,,2,Y,,,,,,,1969    ,20050206,MARK NOT FOUND  ,GEOCAC,,,C
250,20140526,http://www.ngs.noaa.gov/cgi-bin/ds_mark.prl?PidBox=EQ0911,-106.71906, 34.99178,EQ0911,NM 45 11,NM,BERNALILLO,ISLETA (1991),34 59 30.39880(N),106 43 08.60228(W),NAD 83,(1992),ADJUSTED  , 1500.99 ,NAVD 88 ,VERTCON   ,,,2,Y,,,,,,,1969    ,20050206,MARK NOT FOUND  ,GEOCAC,,,C
251,20140526,http://www.ngs.noaa.gov/cgi-bin/ds_mark.prl?PidBox=EQ0915,-106.71935, 34.97195,EQ0915,NM 45 12,NM,BERNALILLO,ISLETA (1991),34 58 19.02702(N),106 43 09.65871(W),NAD 83,(1992),ADJUSTED  , 1500.59 ,NAVD 88 ,VERTCON   ,,,2,Y,,,,,,,1969    ,20050206,MARK NOT FOUND  ,GEOCAC,,,C
252,20140526,http://www.ngs.noaa.gov/cgi-bin/ds_mark.prl?PidBox=EQ0914,-106.71904, 34.96446,EQ0914,NM 45 13,NM,BERNALILLO,ISLETA (1991),34 57 52.05997(N),106 43 08.54654(W),NAD 83,(1992),ADJUSTED  , 1496.42 ,NAVD 88 ,VERTCON   ,,,2,Y,,,,,,,1969    ,1969    ,MONUMENTED      ,NMHD,,,C
253,20140526,http://www.ngs.noaa.gov/cgi-bin/ds_mark.prl?PidBox=EQ0899,-106.71392, 34.95442,EQ0899,NM 45 13 A,NM,BERNALILLO,ISLETA (1991),34 57 15.89707(N),106 42 50.09700(W),NAD 83,(1992),ADJUSTED  , 1495.02 ,NAVD 88 ,VERTCON   ,,,2,Y,,,,,,,1969    ,20050206,MARK NOT FOUND  ,GEOCAC,,,C
254,20140526,http://www.ngs.noaa.gov/cgi-bin/ds_mark.prl?PidBox=EQ0897,-106.70877, 34.94490,EQ0897,NM 45 14,NM,BERNALILLO,ISLETA (1991),34 56 41.63818(N),106 42 31.58020(W),NAD 83,(1992),ADJUSTED  , 1500.96 ,NAVD 88 ,VERTCON   ,,,2,Y,,,,,,,1969    ,20070108,GOOD            ,INDIV,N,20070108,C
255,20140526,http://www.ngs.noaa.gov/cgi-bin/ds_mark.prl?PidBox=EQ0886,-106.70430, 34.93522,EQ0886,NM 45 15,NM,BERNALILLO,ISLETA (1991),34 56 06.78172(N),106 42 15.46535(W),NAD 83,(1992),ADJUSTED  , 1492.03 ,NAVD 88 ,VERTCON   ,,,2,Y,,,,,,,1969    ,20050206,MARK NOT FOUND  ,GEOCAC,,,C
256,20140526,http://www.ngs.noaa.gov/cgi-bin/ds_mark.prl?PidBox=EQ0875,-106.70664, 34.91975,EQ0875,NM 45 16,NM,BERNALILLO,ISLETA (1991),34 55 11.09487(N),106 42 23.90977(W),NAD 83,(1992),ADJUSTED  , 1498.45 ,NAVD 88 ,VERTCON   ,,,2,Y,,,,,,,1969    ,20050206,MARK NOT FOUND  ,GEOCAC,,,C
257,20140526,http://www.ngs.noaa.gov/cgi-bin/ds_mark.prl?PidBox=EQ0893,-106.70632, 34.90638,EQ0893,NM 45 17,NM,BERNALILLO,ISLETA (1991),34 54 22.95197(N),106 42 22.76103(W),NAD 83,(1992),ADJUSTED  , 1505.90 ,NAVD 88 ,VERTCON   ,,,2,Y,,,,,,,1969    ,20061204,GOOD            ,INDIV,,,C
258,20140526,http://www.ngs.noaa.gov/cgi-bin/ds_mark.prl?PidBox=EQ0908,-106.70775, 34.90238,EQ0908,NM 45 18,NM,BERNALILLO,ISLETA (1991),34 54 08.55596(N),106 42 27.89612(W),NAD 83,(1992),ADJUSTED  , 1510.36 ,NAVD 88 ,VERTCON   ,,,2,Y,,,,,,,1969    ,20061204,GOOD            ,INDIV,,,C
259,20140526,http://www.ngs.noaa.gov/cgi-bin/ds_mark.prl?PidBox=FO1288,-106.69679, 35.07887,FO1288,NM 45 2,NM,BERNALILLO,ALBUQUERQUE WEST (1990),35 04 43.94613(N),106 41 48.42645(W),NAD 83,(1992),ADJUSTED  , 1528.31 ,NAVD 88 ,VERTCON   ,,,2,Y,,,,,,,1969    ,20040403,MARK NOT FOUND  ,USPSQD,,,C
260,20140526,http://www.ngs.noaa.gov/cgi-bin/ds_mark.prl?PidBox=FO1284,-106.69786, 35.07559,FO1284,NM 45 3,NM,BERNALILLO,ALBUQUERQUE WEST (1990),35 04 32.14180(N),106 41 52.30740(W),NAD 83,(1992),ADJUSTED  , 1529.87 ,NAVD 88 ,VERTCON   ,,,2,Y,,,,,,,1969    ,20040403,MARK NOT FOUND  ,USPSQD,,,C
261,20140526,http://www.ngs.noaa.gov/cgi-bin/ds_mark.prl?PidBox=FO1279,-106.70114, 35.06783,FO1279,NM 45 4,NM,BERNALILLO,ALBUQUERQUE WEST (1990),35 04 04.18612(N),106 42 04.09692(W),NAD 83,(1992),ADJUSTED  , 1525.74 ,NAVD 88 ,VERTCON   ,,,2,Y,,,,,,,1969    ,20040403,MARK NOT FOUND  ,USPSQD,,,C
262,20140526,http://www.ngs.noaa.gov/cgi-bin/ds_mark.prl?PidBox=FO1276,-106.70331, 35.06106,FO1276,NM 45 5,NM,BERNALILLO,ALBUQUERQUE WEST (1990),35 03 39.80013(N),106 42 11.91675(W),NAD 83,(1992),ADJUSTED  , 1524.19 ,NAVD 88 ,VERTCON   ,,,2,Y,,,,,,,1969    ,20040403,MARK NOT FOUND  ,USPSQD,,,C
263,20140526,http://www.ngs.noaa.gov/cgi-bin/ds_mark.prl?PidBox=FO1270,-106.70743, 35.05133,FO1270,NM 45 6,NM,BERNALILLO,ALBUQUERQUE WEST (1990),35 03 04.77421(N),106 42 26.76088(W),NAD 83,(1992),ADJUSTED  , 1512.90 ,NAVD 88 ,VERTCON   ,,,2,Y,,,,,,,1969    ,20040403,MARK NOT FOUND  ,USPSQD,,,C
264,20140526,http://www.ngs.noaa.gov/cgi-bin/ds_mark.prl?PidBox=FO1266,-106.71179, 35.03890,FO1266,NM 45 7,NM,BERNALILLO,ALBUQUERQUE WEST (1990),35 02 20.03883(N),106 42 42.44980(W),NAD 83,(1992),ADJUSTED  , 1512.00 ,NAVD 88 ,VERTCON   ,,,2,Y,,,,,,,1969    ,20040403,MARK NOT FOUND  ,USPSQD,,,C
265,20140526,http://www.ngs.noaa.gov/cgi-bin/ds_mark.prl?PidBox=FO1265,-106.71397, 35.02756,FO1265,NM 45 8,NM,BERNALILLO,ALBUQUERQUE WEST (1990),35 01 39.19916(N),106 42 50.28061(W),NAD 83,(1992),ADJUSTED  , 1506.25 ,NAVD 88 ,VERTCON   ,,,2,Y,,,,,,,1969    ,20040403,MARK NOT FOUND  ,USPSQD,,,C
266,20140526,http://www.ngs.noaa.gov/cgi-bin/ds_mark.prl?PidBox=FO1260,-106.71572, 35.01433,FO1260,NM 45 9,NM,BERNALILLO,ALBUQUERQUE WEST (1990),35 00 51.58146(N),106 42 56.60865(W),NAD 83,(1992),ADJUSTED  , 1502.09 ,NAVD 88 ,VERTCON   ,,,2,Y,,,,,,,1969    ,20040403,MARK NOT FOUND  ,USPSQD,,,C
267,20140526,http://www.ngs.noaa.gov/cgi-bin/ds_mark.prl?PidBox=FO1365,-106.64082, 35.19655,FO1365,NM 46 1,NM,BERNALILLO,LOS GRIEGOS (1990),35 11 47.58389(N),106 38 26.94429(W),NAD 83,(1992),ADJUSTED  , 1526.88 ,NAVD 88 ,VERTCON   ,,,2,Y,,,,,,,1969    ,1969    ,MONUMENTED      ,NMHD,,,C
268,20140526,http://www.ngs.noaa.gov/cgi-bin/ds_mark.prl?PidBox=FO1374,-106.63667, 35.19485,FO1374,NM 46 2,NM,BERNALILLO,LOS GRIEGOS (1990),35 11 41.47568(N),106 38 11.99880(W),NAD 83,(1992),ADJUSTED  , 1523.36 ,NAVD 88 ,VERTCON   ,,,2,Y,,,,,,,1969    ,1969    ,MONUMENTED      ,NMHD,,,C
269,20140526,http://www.ngs.noaa.gov/cgi-bin/ds_mark.prl?PidBox=FO1387,-106.62784, 35.19236,FO1387,NM 46 3,NM,BERNALILLO,LOS GRIEGOS (1990),35 11 32.49053(N),106 37 40.21461(W),NAD 83,(1992),ADJUSTED  , 1523.23 ,NAVD 88 ,VERTCON   ,,,2,Y,,,,,,,1969    ,1969    ,MONUMENTED      ,NMHD,,,C
270,20140526,http://www.ngs.noaa.gov/cgi-bin/ds_mark.prl?PidBox=FO1102,-106.61307, 35.18918,FO1102,NM 47 1,NM,BERNALILLO,ALAMEDA (1990),35 11 21.04003(N),106 36 47.03817(W),NAD 83,(1992),ADJUSTED  , 1524.15 ,NAVD 88 ,VERTCON   ,,,2,Y,,,,,,,1969    ,20071109,GOOD            ,INDIV,,,C
271,20140526,http://www.ngs.noaa.gov/cgi-bin/ds_mark.prl?PidBox=FO1121,-106.61183, 35.19430,FO1121,NM 47 1 A,NM,BERNALILLO,ALAMEDA (1990),35 11 39.46329(N),106 36 42.58875(W),NAD 83,(1992),ADJUSTED  , 1524.49 ,NAVD 88 ,VERTCON   ,,,2,Y,,,,,,,1969    ,20071109,GOOD            ,INDIV,,,C
272,20140526,http://www.ngs.noaa.gov/cgi-bin/ds_mark.prl?PidBox=FO1320,-106.64056, 35.12444,FO1320,NM 47 10,NM,BERNALILLO,ALBUQUERQUE WEST (1990),35 07 27.97213(N),106 38 26.00176(W),NAD 83,(1992),ADJUSTED  , 1514.95 ,NAVD 88 ,VERTCON   ,,,2,Y,,,,,,,1969    ,20071107,GOOD            ,INDIV,Y,20071107,C
273,20140526,http://www.ngs.noaa.gov/cgi-bin/ds_mark.prl?PidBox=FO1317,-106.64221, 35.11630,FO1317,NM 47 11,NM,BERNALILLO,ALBUQUERQUE WEST (1990),35 06 58.67557(N),106 38 31.96863(W),NAD 83,(1992),ADJUSTED  , 1515.28 ,NAVD 88 ,VERTCON   ,,,2,Y,,,,,,,1969    ,20050115,MARK NOT FOUND  ,GEOCAC,,,C
274,20140526,http://www.ngs.noaa.gov/cgi-bin/ds_mark.prl?PidBox=FO1324,-106.64354, 35.11390,FO1324,NM 47 12,NM,BERNALILLO,ALBUQUERQUE WEST (1990),35 06 50.04614(N),106 38 36.73643(W),NAD 83,(1992),ADJUSTED  , 1515.08 ,NAVD 88 ,VERTCON   ,,,2,Y,,,,,,,1969    ,20050116,MARK NOT FOUND  ,GEOCAC,,,C
275,20140526,http://www.ngs.noaa.gov/cgi-bin/ds_mark.prl?PidBox=FO1331,-106.64425, 35.11036,FO1331,NM 47 13,NM,BERNALILLO,ALBUQUERQUE WEST (1990),35 06 37.31169(N),106 38 39.30354(W),NAD 83,(1992),ADJUSTED  , 1515.23 ,NAVD 88 ,VERTCON   ,,,2,Y,,,,,,,1969    ,20071107,GOOD            ,INDIV,,,C
276,20140526,http://www.ngs.noaa.gov/cgi-bin/ds_mark.prl?PidBox=FO1300,-106.63689, 35.10980,FO1300,NM 47 13A,NM,BERNALILLO,ALBUQUERQUE WEST (1990),35 06 35.26918(N),106 38 12.81103(W),NAD 83,(1992),ADJUSTED  , 1524.08 ,NAVD 88 ,VERTCON   ,,,2,Y,,,,,,,1969    ,20050116,MARK NOT FOUND  ,GEOCAC,,,C
277,20140526,http://www.ngs.noaa.gov/cgi-bin/ds_mark.prl?PidBox=FO1338,-106.65657, 35.05127,FO1338,NM 47 18,NM,BERNALILLO,ALBUQUERQUE WEST (1990),35 03 04.56351(N),106 39 23.63975(W),NAD 83,(1992),ADJUSTED  , 1505.51 ,NAVD 88 ,VERTCON   ,,,2,Y,,,,,,,1969    ,20041222,GOOD            ,GEOCAC,,,C
278,20140526,http://www.ngs.noaa.gov/cgi-bin/ds_mark.prl?PidBox=FO1337,-106.65668, 35.04830,FO1337,NM 47 19,NM,BERNALILLO,ALBUQUERQUE WEST (1990),35 02 53.89013(N),106 39 24.04034(W),NAD 83,(1992),ADJUSTED  , 1505.43 ,NAVD 88 ,VERTCON   ,,,2,Y,,,,,,,1969    ,20071110,GOOD            ,INDIV,,,C
279,20140526,http://www.ngs.noaa.gov/cgi-bin/ds_mark.prl?PidBox=FO1116,-106.61813, 35.18161,FO1116,NM 47 2,NM,BERNALILLO,ALAMEDA (1990),35 10 53.81090(N),106 37 05.25486(W),NAD 83,(1992),ADJUSTED  , 1523.24 ,NAVD 88 ,VERTCON   ,,,2,Y,,,,,,,1969    ,20071109,GOOD            ,INDIV,,,C
280,20140526,http://www.ngs.noaa.gov/cgi-bin/ds_mark.prl?PidBox=FO1347,-106.65489, 35.04433,FO1347,NM 47 20,NM,BERNALILLO,ALBUQUERQUE WEST (1990),35 02 39.58190(N),106 39 17.59089(W),NAD 83,(1992),ADJUSTED  , 1506.37 ,NAVD 88 ,VERTCON   ,,,2,Y,,,,,,,1969    ,20041222,GOOD            ,GEOCAC,,,C
281,20140526,http://www.ngs.noaa.gov/cgi-bin/ds_mark.prl?PidBox=FO1344,-106.65590, 35.03978,FO1344,NM 47 21,NM,BERNALILLO,ALBUQUERQUE WEST (1990),35 02 23.20096(N),106 39 21.25497(W),NAD 83,(1992),ADJUSTED  , 1505.65 ,NAVD 88 ,VERTCON   ,,,2,Y,,,,,,,1969    ,20041222,MARK NOT FOUND  ,GEOCAC,,,C
282,20140526,http://www.ngs.noaa.gov/cgi-bin/ds_mark.prl?PidBox=FO1334,-106.65802, 35.02704,FO1334,NM 47 22,NM,BERNALILLO,ALBUQUERQUE WEST (1990),35 01 37.32694(N),106 39 28.88366(W),NAD 83,(1992),ADJUSTED  , 1504.56 ,NAVD 88 ,VERTCON   ,,,2,Y,,,,,,,1969    ,20041221,MARK NOT FOUND  ,GEOCAC,,,C
283,20140526,http://www.ngs.noaa.gov/cgi-bin/ds_mark.prl?PidBox=FO1323,-106.66133, 35.01041,FO1323,NM 47 23,NM,BERNALILLO,ALBUQUERQUE WEST (1990),35 00 37.48779(N),106 39 40.77975(W),NAD 83,(1992),ADJUSTED  , 1512.91 ,NAVD 88 ,VERTCON   ,,,2,Y,,,,,,,1969    ,20050206,MARK NOT FOUND  ,GEOCAC,,,C
284,20140526,http://www.ngs.noaa.gov/cgi-bin/ds_mark.prl?PidBox=FO1316,-106.66323, 35.00046,FO1316,NM 47 24,NM,BERNALILLO,ALBUQUERQUE WEST (1990),35 00 01.67255(N),106 39 47.61831(W),NAD 83,(1992),ADJUSTED  , 1512.55 ,NAVD 88 ,VERTCON   ,,,2,Y,,,,,,,1969    ,20071106,MARK NOT FOUND  ,INDIV,,,C
285,20140526,http://www.ngs.noaa.gov/cgi-bin/ds_mark.prl?PidBox=EQ0892,-106.66500, 34.99183,EQ0892,NM 47 25,NM,BERNALILLO,ISLETA (1991),34 59 30.58855(N),106 39 53.99743(W),NAD 83,(1992),ADJUSTED  , 1507.92 ,NAVD 88 ,VERTCON   ,,,2,Y,,,,,,,1969    ,20050117,MARK NOT FOUND  ,GEOCAC,,,C
286,20140526,http://www.ngs.noaa.gov/cgi-bin/ds_mark.prl?PidBox=EQ0906,-106.66626, 34.98454,EQ0906,NM 47 25 A,NM,BERNALILLO,ISLETA (1991),34 59 04.33394(N),106 39 58.54568(W),NAD 83,(1992),ADJUSTED  , 1501.79 ,NAVD 88 ,VERTCON   ,,,2,Y,,,,,,,1969    ,20071107,GOOD            ,INDIV,,,C
287,20140526,http://www.ngs.noaa.gov/cgi-bin/ds_mark.prl?PidBox=EQ0916,-106.66750, 34.97861,EQ0916,NM 47 25 B,NM,BERNALILLO,ISLETA (1991),34 58 42.98227(N),106 40 03.01341(W),NAD 83,(1992),ADJUSTED  , 1499.41 ,NAVD 88 ,VERTCON   ,,,2,Y,,,,,,,1969    ,20130803,MARK NOT FOUND  ,INDIV,,,C
288,20140526,http://www.ngs.noaa.gov/cgi-bin/ds_mark.prl?PidBox=EQ0900,-106.65909, 34.99048,EQ0900,NM 47 26,NM,BERNALILLO,ISLETA (1991),34 59 25.72343(N),106 39 32.71104(W),NAD 83,(1992),ADJUSTED  , 1524.21 ,NAVD 88 ,VERTCON   ,,,2,Y,,,,,,,1969    ,20050117,GOOD            ,GEOCAC,Y,20050117,C
289,20140526,http://www.ngs.noaa.gov/cgi-bin/ds_mark.prl?PidBox=EQ0909,-106.65437, 34.98886,EQ0909,NM 47 27,NM,BERNALILLO,ISLETA (1991),34 59 19.90827(N),106 39 15.74763(W),NAD 83,(1992),ADJUSTED  , 1548.35 ,NAVD 88 ,VERTCON   ,,,2,Y,,,,,,,1969    ,20050117,MARK NOT FOUND  ,GEOCAC,,,C
290,20140526,http://www.ngs.noaa.gov/cgi-bin/ds_mark.prl?PidBox=EQ0901,-106.65736, 34.97793,EQ0901,NM 47 28,NM,BERNALILLO,ISLETA (1991),34 58 40.54636(N),106 39 26.50319(W),NAD 83,(1992),ADJUSTED  , 1529.01 ,NAVD 88 ,VERTCON   ,,,2,Y,,,,,,,1969    ,20050117,MARK NOT FOUND  ,GEOCAC,,,C
291,20140526,http://www.ngs.noaa.gov/cgi-bin/ds_mark.prl?PidBox=EQ0889,-106.66014, 34.96179,EQ0889,NM 47 29,NM,BERNALILLO,ISLETA (1991),34 57 42.43364(N),106 39 36.48983(W),NAD 83,(1992),ADJUSTED  , 1524.01 ,NAVD 88 ,VERTCON   ,,,2,Y,,,,,,,1969    ,20050117,GOOD            ,GEOCAC,,,C
292,20140526,http://www.ngs.noaa.gov/cgi-bin/ds_mark.prl?PidBox=FO1130,-106.62397, 35.17659,FO1130,NM 47 3,NM,BERNALILLO,ALAMEDA (1990),35 10 35.72702(N),106 37 26.28563(W),NAD 83,(1992),ADJUSTED  , 1522.07 ,NAVD 88 ,VERTCON   ,,,2,Y,,,,,,,1969    ,1969    ,MONUMENTED      ,NMHD,,,C
293,20140526,http://www.ngs.noaa.gov/cgi-bin/ds_mark.prl?PidBox=EQ0883,-106.66259, 34.95339,EQ0883,NM 47 30,NM,BERNALILLO,ISLETA (1991),34 57 12.20807(N),106 39 45.30973(W),NAD 83,(1992),ADJUSTED  , 1538.62 ,NAVD 88 ,VERTCON   ,,,2,Y,,,,,,,1969    ,20050117,MARK NOT FOUND  ,GEOCAC,,,C
294,20140526,http://www.ngs.noaa.gov/cgi-bin/ds_mark.prl?PidBox=EQ0905,-106.66965, 34.91705,EQ0905,NM 47 31,NM,BERNALILLO,ISLETA (1991),34 55 01.37259(N),106 40 10.73370(W),NAD 83,(1992),ADJUSTED  , 1529.35 ,NAVD 88 ,VERTCON   ,,,2,Y,,,,,,,1969    ,20050206,MARK NOT FOUND  ,GEOCAC,,,C
295,20140526,http://www.ngs.noaa.gov/cgi-bin/ds_mark.prl?PidBox=EQ0907,-106.67153, 34.91466,EQ0907,NM 47 32,NM,BERNALILLO,ISLETA (1991),34 54 52.76338(N),106 40 17.50253(W),NAD 83,(1992),ADJUSTED  , 1527.50 ,NAVD 88 ,VERTCON   ,,,2,Y,,,,,,,1969    ,20050206,MARK NOT FOUND  ,GEOCAC,,,C
296,20140526,http://www.ngs.noaa.gov/cgi-bin/ds_mark.prl?PidBox=EQ0913,-106.68067, 34.90856,EQ0913,NM 47 33,NM,BERNALILLO,ISLETA (1991),34 54 30.81039(N),106 40 50.42473(W),NAD 83,(1992),ADJUSTED  , 1499.96 ,NAVD 88 ,VERTCON   ,,,2,Y,,,,,,,1969    ,20050206,MARK NOT FOUND  ,GEOCAC,,,C
297,20140526,http://www.ngs.noaa.gov/cgi-bin/ds_mark.prl?PidBox=FO1386,-106.62954, 35.16584,FO1386,NM 47 4,NM,BERNALILLO,LOS GRIEGOS (1990),35 09 57.02274(N),106 37 46.35970(W),NAD 83,(1992),ADJUSTED  , 1520.97 ,NAVD 88 ,VERTCON   ,,,2,Y,,,,,,,1969    ,1969    ,MONUMENTED      ,NMHD,,,C
298,20140526,http://www.ngs.noaa.gov/cgi-bin/ds_mark.prl?PidBox=FO1383,-106.63065, 35.15795,FO1383,NM 47 5,NM,BERNALILLO,LOS GRIEGOS (1990),35 09 28.63446(N),106 37 50.35530(W),NAD 83,(1992),ADJUSTED  , 1519.05 ,NAVD 88 ,VERTCON   ,,,2,Y,,,,,,,1969    ,1969    ,MONUMENTED      ,NMHD,,,C
299,20140526,http://www.ngs.noaa.gov/cgi-bin/ds_mark.prl?PidBox=FO1380,-106.63209, 35.15252,FO1380,NM 47 6,NM,BERNALILLO,LOS GRIEGOS (1990),35 09 09.07151(N),106 37 55.53459(W),NAD 83,(1992),ADJUSTED  , 1518.83 ,NAVD 88 ,VERTCON   ,,,2,Y,,,,,,,1969    ,1969    ,MONUMENTED      ,NMHD,,,C
300,20140526,http://www.ngs.noaa.gov/cgi-bin/ds_mark.prl?PidBox=FO1107,-106.61471, 35.15069,FO1107,NM 47 6A,NM,BERNALILLO,ALAMEDA (1990),35 09 02.49115(N),106 36 52.96464(W),NAD 83,(1992),ADJUSTED  , 1536.93 ,NAVD 88 ,VERTCON   ,,,2,Y,,,,,,,1969    ,20050115,MARK NOT FOUND  ,GEOCAC,,,C
301,20140526,http://www.ngs.noaa.gov/cgi-bin/ds_mark.prl?PidBox=FO1379,-106.63338, 35.14577,FO1379,NM 47 7,NM,BERNALILLO,LOS GRIEGOS (1990),35 08 44.75497(N),106 38 00.15769(W),NAD 83,(1992),ADJUSTED  , 1518.13 ,NAVD 88 ,VERTCON   ,,,2,Y,,,,,,,1969    ,20050115,MARK NOT FOUND  ,GEOCAC,,,C
302,20140526,http://www.ngs.noaa.gov/cgi-bin/ds_mark.prl?PidBox=FO1376,-106.63657, 35.13846,FO1376,NM 47 8,NM,BERNALILLO,LOS GRIEGOS (1990),35 08 18.44588(N),106 38 11.66926(W),NAD 83,(1992),ADJUSTED  , 1517.11 ,NAVD 88 ,VERTCON   ,,,2,Y,,,,,,,1969    ,20071108,MARK NOT FOUND  ,INDIV,,,C
303,20140526,http://www.ngs.noaa.gov/cgi-bin/ds_mark.prl?PidBox=FO1368,-106.63911, 35.13213,FO1368,NM 47 9,NM,BERNALILLO,LOS GRIEGOS (1990),35 07 55.65449(N),106 38 20.79938(W),NAD 83,(1992),ADJUSTED  , 1516.34 ,NAVD 88 ,VERTCON   ,,,2,Y,,,,,,,1969    ,20050115,MARK NOT FOUND  ,GEOCAC,,,C
304,20140526,http://www.ngs.noaa.gov/cgi-bin/ds_mark.prl?PidBox=FO1275,-106.70474, 35.02705,FO1275,NM 500 1,NM,BERNALILLO,ALBUQUERQUE WEST (1990),35 01 37.37666(N),106 42 17.07394(W),NAD 83,(1992),ADJUSTED  , 1504.01 ,NAVD 88 ,VERTCON   ,,,2,Y,,,,,,,1969    ,20050206,MARK NOT FOUND  ,GEOCAC,,,C
305,20140526,http://www.ngs.noaa.gov/cgi-bin/ds_mark.prl?PidBox=FO1291,-106.68529, 35.02700,FO1291,NM 500 2,NM,BERNALILLO,ALBUQUERQUE WEST (1990),35 01 37.18207(N),106 41 07.05857(W),NAD 83,(1992),ADJUSTED  , 1505.08 ,NAVD 88 ,VERTCON   ,,,2,Y,,,,,,,1969    ,1969    ,MONUMENTED      ,NMHD,,,C
306,20140526,http://www.ngs.noaa.gov/cgi-bin/ds_mark.prl?PidBox=FO1299,-106.68017, 35.02691,FO1299,NM 500 3,NM,BERNALILLO,ALBUQUERQUE WEST (1990),35 01 36.89255(N),106 40 48.59417(W),NAD 83,(1992),ADJUSTED  , 1503.65 ,NAVD 88 ,VERTCON   ,,,2,Y,,,,,,,1969    ,20081023,MARK NOT FOUND  ,GEOCAC,,,C
307,20140526,http://www.ngs.noaa.gov/cgi-bin/ds_mark.prl?PidBox=FO1303,-106.67422, 35.02709,FO1303,NM 500 4,NM,BERNALILLO,ALBUQUERQUE WEST (1990),35 01 37.51277(N),106 40 27.19010(W),NAD 83,(1992),ADJUSTED  , 1507.08 ,NAVD 88 ,VERTCON   ,,,2,Y,,,,,,,1969    ,20041222,MARK NOT FOUND  ,GEOCAC,,,C
308,20140526,http://www.ngs.noaa.gov/cgi-bin/ds_mark.prl?PidBox=FO1307,-106.66935, 35.02708,FO1307,NM 500 5,NM,BERNALILLO,ALBUQUERQUE WEST (1990),35 01 37.47891(N),106 40 09.64416(W),NAD 83,(1992),ADJUSTED  , 1507.52 ,NAVD 88 ,VERTCON   ,,,2,Y,,,,,,,1969    ,20071106,GOOD            ,INDIV,,,C
309,20140526,http://www.ngs.noaa.gov/cgi-bin/ds_mark.prl?PidBox=FO1672,-106.61449, 35.04156,FO1672,NM BASE 1,NM,BERNALILLO,ALBUQUERQUE EAST (1990),35 02 29.60695(N),106 36 52.16615(W),NAD 83,(2011),ADJUSTED  , 1620.147,NAVD 88 ,ADJUSTED  ,1598.885,ADJUSTED,,,1,2,Y,,,,1987    ,20000414,GOOD            ,NGS,Y,20000414,A
310,20140526,http://www.ngs.noaa.gov/cgi-bin/ds_mark.prl?PidBox=FO0207,-106.38778, 35.08028,FO0207,NM BER 10,NM,BERNALILLO,TIJERAS (1990),35 04 49.     (N),106 23 16.     (W),NAD 83,(1986),SCALED    , 1926.594,NAVD 88 ,ADJUSTED  ,,,,,2,0,Y,,,,1934    ,20061111,MARK NOT FOUND  ,GEOCAC,,,C
311,20140526,http://www.ngs.noaa.gov/cgi-bin/ds_mark.prl?PidBox=FO0206,-106.37083, 35.09278,FO0206,NM BER 11,NM,BERNALILLO,SEDILLO (1995),35 05 34.     (N),106 22 15.     (W),NAD 83,(1986),SCALED    , 1953.729,NAVD 88 ,ADJUSTED  ,,,,,2,0,Y,,,,1934    ,1954    ,MARK NOT FOUND  ,USGS,,,B
312,20140526,http://www.ngs.noaa.gov/cgi-bin/ds_mark.prl?PidBox=FO0205,-106.35028, 35.10194,FO0205,NM BER 12,NM,BERNALILLO,SEDILLO (1995),35 06 07.     (N),106 21 01.     (W),NAD 83,(1986),SCALED    , 1984.103,NAVD 88 ,ADJUSTED  ,,,,,2,0,Y,,,,1934    ,1954    ,GOOD            ,USGS,,,B
313,20140526,http://www.ngs.noaa.gov/cgi-bin/ds_mark.prl?PidBox=FO0202,-106.28472, 35.10250,FO0202,NM BER 15,NM,BERNALILLO,SEDILLO (1995),35 06 09.     (N),106 17 05.     (W),NAD 83,(1986),SCALED    , 2160.453,NAVD 88 ,ADJUSTED  ,,,,,2,0,Y,,,,1934    ,1954    ,GOOD            ,USGS,,,C
314,20140526,http://www.ngs.noaa.gov/cgi-bin/ds_mark.prl?PidBox=FO0184,-106.37750, 35.03583,FO0184,NM BER 215,NM,BERNALILLO,TIJERAS (1990),35 02 09.     (N),106 22 39.     (W),NAD 83,(1986),SCALED    , 2060.882,NAVD 88 ,ADJUSTED  ,,,,,2,0,Y,,,,1934    ,1954    ,POOR            ,USGS,,,A
315,20140526,http://www.ngs.noaa.gov/cgi-bin/ds_mark.prl?PidBox=FO0189,-106.37944, 35.05333,FO0189,NM BER 217,NM,BERNALILLO,TIJERAS (1990),35 03 12.     (N),106 22 46.     (W),NAD 83,(1986),SCALED    , 1981.636,NAVD 88 ,ADJUSTED  ,,,,,2,0,Y,,,,1934    ,1954    ,POOR            ,USGS,,,D
316,20140526,http://www.ngs.noaa.gov/cgi-bin/ds_mark.prl?PidBox=FO0210,-106.44806, 35.06389,FO0210,NM BER 7,NM,BERNALILLO,TIJERAS (1990),35 03 50.     (N),106 26 53.     (W),NAD 83,(1986),SCALED    , 1811.510,NAVD 88 ,ADJUSTED  ,,,,,2,0,Y,,,,1934    ,1954    ,MARK NOT FOUND  ,USGS,,,B
317,20140526,http://www.ngs.noaa.gov/cgi-bin/ds_mark.prl?PidBox=FO0208,-106.41167, 35.07528,FO0208,NM BER 9,NM,BERNALILLO,TIJERAS (1990),35 04 31.     (N),106 24 42.     (W),NAD 83,(1986),SCALED    , 1876.189,NAVD 88 ,ADJUSTED  ,,,,,2,0,Y,,,,1934    ,20061111,MARK NOT FOUND  ,GEOCAC,,,B
318,20140526,http://www.ngs.noaa.gov/cgi-bin/ds_mark.prl?PidBox=EQ0295,-106.68056, 34.93000,EQ0295,O 2,NM,BERNALILLO,ISLETA (1991),34 55 48.     (N),106 40 50.     (W),NAD 83,(1986),SCALED    , 1494.846,NAVD 88 ,ADJUSTED  ,,,,,1,2,Y,,,,1909    ,1951    ,GOOD            ,CGS,,,A
319,20140526,http://www.ngs.noaa.gov/cgi-bin/ds_mark.prl?PidBox=FO0224,-106.64722, 35.08250,FO0224,P 2 RESET,NM,BERNALILLO,ALBUQUERQUE WEST (1990),35 04 57.     (N),106 38 50.     (W),NAD 83,(1986),SCALED    , 1511.882,NAVD 88 ,ADJUSTED  ,,,,,1,2,Y,,,,1937    ,20030805,MARK NOT FOUND  ,USPSQD,,,D
320,20140526,http://www.ngs.noaa.gov/cgi-bin/ds_mark.prl?PidBox=FO0222,-106.65222, 35.05444,FO0222,P 224,NM,BERNALILLO,ALBUQUERQUE WEST (1990),35 03 16.     (N),106 39 08.     (W),NAD 83,(1986),SCALED    , 1507.315,NAVD 88 ,ADJUSTED  ,,,,,1,2,Y,,,,1951    ,1982    ,MARK NOT FOUND  ,NGS,,,D
321,20140526,http://www.ngs.noaa.gov/cgi-bin/ds_mark.prl?PidBox=FO0239,-106.60867, 35.12008,FO0239,P 225,NM,BERNALILLO,ALBUQUERQUE EAST (1990),35 07 12.3    (N),106 36 31.2    (W),NAD 83,(1986),HD_HELD2  , 1555.297,NAVD 88 ,ADJUSTED  ,,,,,1,2,Y,,,,1951    ,20081201,GOOD            ,USACE,Y,20081201,C
322,20140526,http://www.ngs.noaa.gov/cgi-bin/ds_mark.prl?PidBox=FO0229,-106.64556, 35.08528,FO0229,P 26,NM,BERNALILLO,ALBUQUERQUE WEST (1990),35 05 07.     (N),106 38 44.     (W),NAD 83,(1986),SCALED    , 1511.973,NAVD 88 ,ADJUSTED  ,,,,,1,2,Y,,,,1933    ,20030805,MARK NOT FOUND  ,USPSQD,,,D
323,20140526,http://www.ngs.noaa.gov/cgi-bin/ds_mark.prl?PidBox=FO0818,-106.76500, 35.07556,FO0818,P 424,NM,BERNALILLO,LA MESITA NEGRA SE (1990),35 04 32.     (N),106 45 54.     (W),NAD 83,(1986),SCALED    , 1670.998,NAVD 88 ,ADJUSTED  ,,,,,1,2,Y,,,,1982    ,20060205,GOOD            ,GEOCAC,Y,19911002,B
324,20140526,http://www.ngs.noaa.gov/cgi-bin/ds_mark.prl?PidBox=FO0873,-106.59359, 35.20782,FO0873,PITS,NM,BERNALILLO,ALAMEDA (1990),35 12 28.14731(N),106 35 36.93079(W),NAD 83,(1992),ADJUSTED  , 1549.809,NAVD 88 ,ADJUSTED  ,,,1,Y,1,2,Y,,,,1969    ,20071109,GOOD            ,INDIV,Y,20071109,C
325,20140526,http://www.ngs.noaa.gov/cgi-bin/ds_mark.prl?PidBox=FO1583,-107.04630, 35.02457,FO1583,POWER,NM,BERNALILLO,CANONCITO SCHOOL (1971),35 01 28.46602(N),107 02 46.67249(W),NAD 83,(1992),ADJUSTED  , 1721.12 ,NAVD 88 ,VERTCON   ,,,2,Y,,,,,,,1958    ,1972    ,GOOD            ,NGS,,,
326,20140526,http://www.ngs.noaa.gov/cgi-bin/ds_mark.prl?PidBox=EQ1120,-106.99394, 34.99470,EQ1120,PUERCO,NM,BERNALILLO,DALIES NW (1991),34 59 40.91905(N),106 59 38.18874(W),NAD 83,(1992),ADJUSTED  , 1674.04 ,NAVD 88 ,VERTCON   ,,,3,Y,,,,,,,1946    ,1946    ,MONUMENTED      ,USGS,,,D
327,20140526,http://www.ngs.noaa.gov/cgi-bin/ds_mark.prl?PidBox=FO0219,-106.65944, 35.01972,FO0219,Q 224,NM,BERNALILLO,ALBUQUERQUE WEST (1990),35 01 11.     (N),106 39 34.     (W),NAD 83,(1986),SCALED    , 1504.695,NAVD 88 ,ADJUSTED  ,,,,,1,2,Y,,,,1951    ,20041222,MARK NOT FOUND  ,GEOCAC,,,C
328,20140526,http://www.ngs.noaa.gov/cgi-bin/ds_mark.prl?PidBox=FO0240,-106.61333, 35.12000,FO0240,Q 225,NM,BERNALILLO,ALBUQUERQUE EAST (1990),35 07 12.     (N),106 36 48.     (W),NAD 83,(1986),SCALED    , 1556.382,NAVD 88 ,ADJUSTED  ,,,,,1,2,Y,,,,1951    ,20041221,MARK NOT FOUND  ,GEOCAC,,,C
329,20140526,http://www.ngs.noaa.gov/cgi-bin/ds_mark.prl?PidBox=FO0356,-106.57472, 35.05111,FO0356,Q 336,NM,BERNALILLO,ALBUQUERQUE EAST (1990),35 03 04.     (N),106 34 29.     (W),NAD 83,(1986),SCALED    , 1630.834,NAVD 88 ,ADJUSTED  ,,,,,1,2,Y,,,,1967    ,20061107,MARK NOT FOUND  ,GEOCAC,,,B
330,20140526,http://www.ngs.noaa.gov/cgi-bin/ds_mark.prl?PidBox=FO0819,-106.77756, 35.07064,FO0819,Q 424,NM,BERNALILLO,LA MESITA NEGRA SE (1990),35 04 14.29983(N),106 46 39.22550(W),NAD 83,(2011),ADJUSTED  , 1715.472,NAVD 88 ,ADJUSTED  ,1693.919,ADJUSTED,,,1,2,Y,,,,1982    ,20140308,GOOD            ,COMPDA,Y,20140308,B
331,20140526,http://www.ngs.noaa.gov/cgi-bin/ds_mark.prl?PidBox=FO0218,-106.66242, 35.00581,FO0218,R 224,NM,BERNALILLO,ALBUQUERQUE WEST (1990),35 00 20.9    (N),106 39 44.7    (W),NAD 83,(1986),HD_HELD2  , 1513.036,NAVD 88 ,ADJUSTED  ,,,,,1,2,Y,,,,1951    ,20071106,GOOD            ,INDIV,,,C
332,20140526,http://www.ngs.noaa.gov/cgi-bin/ds_mark.prl?PidBox=FO0241,-106.61333, 35.11972,FO0241,R 225,NM,BERNALILLO,ALBUQUERQUE EAST (1990),35 07 11.     (N),106 36 48.     (W),NAD 83,(1986),SCALED    , 1555.100,NAVD 88 ,ADJUSTED  ,,,,,1,2,Y,,,,1951    ,20041221,MARK NOT FOUND  ,GEOCAC,,,C
333,20140526,http://www.ngs.noaa.gov/cgi-bin/ds_mark.prl?PidBox=FO0246,-106.62889, 35.14667,FO0246,R 26,NM,BERNALILLO,LOS GRIEGOS (1990),35 08 48.     (N),106 37 44.     (W),NAD 83,(1986),SCALED    , 1519.285,NAVD 88 ,ADJUSTED  ,,,,,1,2,Y,,,,1933    ,20050115,MARK NOT FOUND  ,GEOCAC,N,19941012,C
334,20140526,http://www.ngs.noaa.gov/cgi-bin/ds_mark.prl?PidBox=FO0357,-106.56778, 35.04250,FO0357,R 336,NM,BERNALILLO,ALBUQUERQUE EAST (1990),35 02 33.     (N),106 34 04.     (W),NAD 83,(1986),SCALED    , 1632.057,NAVD 88 ,ADJUSTED  ,,,,,1,2,Y,,,,1967    ,1967    ,MONUMENTED      ,CGS,,,B
335,20140526,http://www.ngs.noaa.gov/cgi-bin/ds_mark.prl?PidBox=FO1690,-106.79222, 35.06333,FO1690,R 424 RESET,NM,BERNALILLO,LA MESITA NEGRA SE (1990),35 03 48.     (N),106 47 32.     (W),NAD 83,(1986),SCALED    , 1745.822,NAVD 88 ,ADJUSTED  ,,,,,1,2,Y,,,,1985    ,20060205,MARK NOT FOUND  ,GEOCAC,Y,19911011,B
336,20140526,http://www.ngs.noaa.gov/cgi-bin/ds_mark.prl?PidBox=FO0319,-106.71547, 35.06451,FO0319,RADIO,NM,BERNALILLO,ALBUQUERQUE WEST (1990),35 03 52.22586(N),106 42 55.68569(W),NAD 83,(1992),ADJUSTED  , 1551.023,NAVD 88 ,ADJUSTED  ,,,1,Y,1,2,Y,,,,1946    ,1986    ,GOOD,,Y,1986,C
337,20140526,http://www.ngs.noaa.gov/cgi-bin/ds_mark.prl?PidBox=FO0318,-106.70111, 35.06778,FO0318,RADIO AZ MK,NM,BERNALILLO,ALBUQUERQUE WEST (1990),35 04 04.     (N),106 42 04.     (W),NAD 83,(1986),SCALED    , 1526.364,NAVD 88 ,ADJUSTED  ,,,,,1,2,Y,,,,1946    ,20050206,MARK NOT FOUND  ,GEOCAC,,,C
338,20140526,http://www.ngs.noaa.gov/cgi-bin/ds_mark.prl?PidBox=FO0320,-106.71524, 35.06448,FO0320,RADIO RM 1,NM,BERNALILLO,ALBUQUERQUE WEST (1990),35 03 52.14   (N),106 42 54.88   (W),NAD 83,(1986),HD_HELD1  , 1550.482,NAVD 88 ,ADJUSTED  ,,,,,1,2,Y,,,,1946    ,1951    ,GOOD            ,CGS,,,C
339,20140526,http://www.ngs.noaa.gov/cgi-bin/ds_mark.prl?PidBox=FO0321,-106.71556, 35.06425,FO0321,RADIO RM 2,NM,BERNALILLO,ALBUQUERQUE WEST (1990),35 03 51.31   (N),106 42 56.00   (W),NAD 83,(1986),HD_HELD1  , 1550.605,NAVD 88 ,ADJUSTED  ,,,,,1,2,Y,,,,1946    ,1951    ,GOOD            ,CGS,,,C
340,20140526,http://www.ngs.noaa.gov/cgi-bin/ds_mark.prl?PidBox=FO1739,-106.60504, 35.16785,FO1739,REEVES 2,NM,BERNALILLO,ALAMEDA (1990),35 10 04.24980(N),106 36 18.15785(W),NAD 83,(2011),ADJUSTED  , 1547.167,NAVD 88 ,ADJUSTED  ,1526.045,ADJUSTED,,,1,2,N,,,,1991    ,20110901,GOOD            ,WOOLPT,Y,20110901,B
341,20140526,http://www.ngs.noaa.gov/cgi-bin/ds_mark.prl?PidBox=AH8503,-106.60506, 35.16806,AH8503,REEVES 2 RM 4,NM,BERNALILLO,ALAMEDA (1990),35 10 05.0    (N),106 36 18.2    (W),NAD 83,(1986),HD_HELD2  , 1546.979,NAVD 88 ,ADJUSTED  ,,,,,1,2,N,,,,1991    ,20050130,GOOD            ,GEOCAC,Y,19990209,B
